{"amount": 0.01, "date": 1643835119, "price": 199601.01998, "tid": 12990087, "type": "buy"}
{"amount": 1.027e-05, "date": 1643835151, "price": 199601.01998, "tid": 12990088, "type": "buy"}
{"amount": 0.00250499, "date": 1643835151, "price": 199601.01998, "tid": 12990089, "type": "buy"}
{"amount": 0.00079568, "date": 1643835154, "price": 199601.01998, "tid": 12990090, "type": "buy"}
{"amount": 8.405e-05, "date": 1643835199, "price": 199601.01000001, "tid": 12990091, "type": "sell"}
{"amount": 0.00015279, "date": 1643835205, "price": 199601.01000001, "tid": 12990092, "type": "sell"}
{"amount": 0.01001998, "date": 1643835209, "price": 199601.01992, "tid": 12990093, "type": "buy"}
{"amount": 0.00050099, "date": 1643835269, "price": 199601.01992, "tid": 12990094, "type": "buy"}
{"amount": 0.00483484, "date": 1643835271, "price": 199601.01992, "tid": 12990095, "type": "buy"}
{"amount": 0.00010019, "date": 1643835280, "price": 199601.01992, "tid": 12990096, "type": "buy"}
{"amount": 0.00025049, "date": 1643835309, "price": 199601.01992, "tid": 12990097, "type": "buy"}
{"amount": 2e-05, "date": 1643835323, "price": 199601.01992, "tid": 12990098, "type": "buy"}
{"amount": 0.08700393, "date": 1643835335, "price": 199601.01991999, "tid": 12990099, "type": "sell"}
{"amount": 0.00024839, "date": 1643835380, "price": 199601.01992, "tid": 12990100, "type": "buy"}
{"amount": 0.00050099, "date": 1643835403, "price": 199601.01992, "tid": 12990101, "type": "buy"}
{"amount": 6.167e-05, "date": 1643835412, "price": 199601.01992, "tid": 12990102, "type": "buy"}
{"amount": 6.613e-05, "date": 1643835442, "price": 199601.01992, "tid": 12990103, "type": "buy"}
{"amount": 0.00434186, "date": 1643835506, "price": 199601.01992, "tid": 12990104, "type": "buy"}
{"amount": 0.07419656, "date": 1643835517, "price": 199601.01992, "tid": 12990105, "type": "buy"}
{"amount": 0.00485791, "date": 1643835518, "price": 199601.01992, "tid": 12990106, "type": "buy"}
{"amount": 0.00090431, "date": 1643835546, "price": 199731.08, "tid": 12990107, "type": "buy"}
{"amount": 7.81e-06, "date": 1643835566, "price": 199731.08, "tid": 12990108, "type": "buy"}
{"amount": 0.02503366, "date": 1643835582, "price": 199731.07999999, "tid": 12990109, "type": "buy"}
{"amount": 2.908e-05, "date": 1643835607, "price": 199731.07999999, "tid": 12990110, "type": "buy"}
{"amount": 0.00050067, "date": 1643835640, "price": 199731.07999999, "tid": 12990111, "type": "buy"}
{"amount": 0.00040719, "date": 1643835650, "price": 199731.07, "tid": 12990112, "type": "sell"}
{"amount": 0.00751009, "date": 1643835675, "price": 199731.07999999, "tid": 12990113, "type": "buy"}
{"amount": 0.00050067, "date": 1643835678, "price": 199731.07999999, "tid": 12990114, "type": "buy"}
{"amount": 0.00250336, "date": 1643835702, "price": 199731.07000001, "tid": 12990115, "type": "buy"}
{"amount": 0.00257621, "date": 1643835720, "price": 199731.07000001, "tid": 12990116, "type": "buy"}
{"amount": 0.00025033, "date": 1643835721, "price": 199731.07000001, "tid": 12990117, "type": "buy"}
{"amount": 0.00010494, "date": 1643835743, "price": 199731.07, "tid": 12990118, "type": "sell"}
{"amount": 0.00024794, "date": 1643835743, "price": 199731.07, "tid": 12990119, "type": "sell"}
{"amount": 0.000751, "date": 1643835772, "price": 199731.07000001, "tid": 12990120, "type": "buy"}
{"amount": 0.00017323, "date": 1643835802, "price": 199731.07000001, "tid": 12990121, "type": "buy"}
{"amount": 0.00257871, "date": 1643835829, "price": 199731.07000001, "tid": 12990122, "type": "buy"}
{"amount": 0.0001911, "date": 1643835868, "price": 199731.07000001, "tid": 12990123, "type": "buy"}
{"amount": 1.502e-05, "date": 1643835878, "price": 199731.07000001, "tid": 12990124, "type": "buy"}
{"amount": 0.00025273, "date": 1643835937, "price": 199731.07, "tid": 12990125, "type": "sell"}
{"amount": 2e-05, "date": 1643835937, "price": 199731.07, "tid": 12990126, "type": "sell"}
{"amount": 2.603e-05, "date": 1643835937, "price": 199731.07, "tid": 12990127, "type": "sell"}
{"amount": 0.00550124, "date": 1643835937, "price": 199731.07, "tid": 12990128, "type": "sell"}
{"amount": 0.00035288, "date": 1643835941, "price": 199731.07, "tid": 12990129, "type": "sell"}
{"amount": 0.00250336, "date": 1643835994, "price": 199731.07000001, "tid": 12990130, "type": "buy"}
{"amount": 0.00050067, "date": 1643836007, "price": 199731.07000001, "tid": 12990131, "type": "buy"}
{"amount": 0.00076914, "date": 1643836010, "price": 199731.07, "tid": 12990132, "type": "sell"}
{"amount": 0.0124512, "date": 1643836016, "price": 199731.07, "tid": 12990133, "type": "sell"}
{"amount": 0.00250336, "date": 1643836016, "price": 199731.07000001, "tid": 12990134, "type": "buy"}
{"amount": 0.00150201, "date": 1643836070, "price": 199731.07000001, "tid": 12990135, "type": "buy"}
{"amount": 0.00050067, "date": 1643836070, "price": 199731.07000001, "tid": 12990136, "type": "buy"}
{"amount": 0.00050067, "date": 1643836071, "price": 199731.07000001, "tid": 12990137, "type": "buy"}
{"amount": 0.00526708, "date": 1643836084, "price": 199731.07000001, "tid": 12990138, "type": "buy"}
{"amount": 0.000751, "date": 1643836086, "price": 199731.07000001, "tid": 12990139, "type": "buy"}
{"amount": 0.0020758, "date": 1643836091, "price": 199731.07, "tid": 12990140, "type": "sell"}
{"amount": 0.00050067, "date": 1643836098, "price": 199731.07000001, "tid": 12990141, "type": "buy"}
{"amount": 0.00884974, "date": 1643836113, "price": 199731.07, "tid": 12990142, "type": "sell"}
{"amount": 0.00050099, "date": 1643836113, "price": 199731.07, "tid": 12990143, "type": "sell"}
{"amount": 0.00051, "date": 1643836113, "price": 199731.07, "tid": 12990144, "type": "sell"}
{"amount": 0.00029927, "date": 1643836113, "price": 199731.07, "tid": 12990145, "type": "sell"}
{"amount": 0.00514517, "date": 1643836124, "price": 199731.07, "tid": 12990146, "type": "sell"}
{"amount": 0.00100134, "date": 1643836124, "price": 199731.07, "tid": 12990147, "type": "sell"}
{"amount": 0.00200269, "date": 1643836124, "price": 199731.07, "tid": 12990148, "type": "sell"}
{"amount": 0.00634603, "date": 1643836124, "price": 199731.07, "tid": 12990149, "type": "sell"}
{"amount": 9.611e-05, "date": 1643836124, "price": 199730, "tid": 12990150, "type": "sell"}
{"amount": 0.00097133, "date": 1643836124, "price": 199601.0199, "tid": 12990151, "type": "sell"}
{"amount": 0.08608733, "date": 1643836124, "price": 199601.01, "tid": 12990152, "type": "sell"}
{"amount": 0.00050099, "date": 1643836143, "price": 199601.01000001, "tid": 12990153, "type": "buy"}
{"amount": 0.00025049, "date": 1643836159, "price": 199601.01000001, "tid": 12990154, "type": "buy"}
{"amount": 0.00030137, "date": 1643836167, "price": 199601.01, "tid": 12990155, "type": "sell"}
{"amount": 0.02305, "date": 1643836175, "price": 199601.01000001, "tid": 12990156, "type": "buy"}
{"amount": 0.0211, "date": 1643836175, "price": 199601.01000999, "tid": 12990157, "type": "buy"}
{"amount": 0.01596993, "date": 1643836175, "price": 199601.01001, "tid": 12990158, "type": "buy"}
{"amount": 0.02542, "date": 1643836178, "price": 199601.01, "tid": 12990159, "type": "sell"}
{"amount": 0.00010019, "date": 1643836204, "price": 199601.01000001, "tid": 12990160, "type": "buy"}
{"amount": 5.009e-05, "date": 1643836210, "price": 199601.01000001, "tid": 12990161, "type": "buy"}
{"amount": 0.05, "date": 1643836212, "price": 199601.01, "tid": 12990162, "type": "sell"}
{"amount": 0.05, "date": 1643836214, "price": 199601.01, "tid": 12990163, "type": "sell"}
{"amount": 0.05, "date": 1643836220, "price": 199601.01, "tid": 12990164, "type": "sell"}
{"amount": 0.00020039, "date": 1643836222, "price": 199601.01000001, "tid": 12990165, "type": "buy"}
{"amount": 0.05, "date": 1643836223, "price": 199601.01, "tid": 12990166, "type": "sell"}
{"amount": 0.05, "date": 1643836227, "price": 199601.01, "tid": 12990167, "type": "sell"}
{"amount": 0.00025037, "date": 1643836229, "price": 199601.01, "tid": 12990168, "type": "sell"}
{"amount": 0.05, "date": 1643836232, "price": 199601.01, "tid": 12990169, "type": "sell"}
{"amount": 0.05, "date": 1643836236, "price": 199601.01, "tid": 12990170, "type": "sell"}
{"amount": 0.03794093, "date": 1643836241, "price": 199601.01, "tid": 12990171, "type": "sell"}
{"amount": 0.00050099, "date": 1643836241, "price": 199601.01, "tid": 12990172, "type": "sell"}
{"amount": 0.00370914, "date": 1643836241, "price": 199601.01, "tid": 12990173, "type": "sell"}
{"amount": 0.00784894, "date": 1643836241, "price": 199601.01, "tid": 12990174, "type": "sell"}
{"amount": 0.0021739, "date": 1643836245, "price": 199601.01, "tid": 12990175, "type": "sell"}
{"amount": 2e-05, "date": 1643836245, "price": 199601.01, "tid": 12990176, "type": "sell"}
{"amount": 0.00065129, "date": 1643836245, "price": 199601.01, "tid": 12990177, "type": "sell"}
{"amount": 1e-05, "date": 1643836245, "price": 199601.01, "tid": 12990178, "type": "sell"}
{"amount": 2e-05, "date": 1643836245, "price": 199601.01, "tid": 12990179, "type": "sell"}
{"amount": 2e-05, "date": 1643836252, "price": 199600, "tid": 12990180, "type": "sell"}
{"amount": 2.505e-05, "date": 1643836253, "price": 199599.99999, "tid": 12990181, "type": "buy"}
{"amount": 0.0002, "date": 1643836267, "price": 199584.02, "tid": 12990182, "type": "sell"}
{"amount": 0.00251648, "date": 1643836267, "price": 199583.58, "tid": 12990183, "type": "sell"}
{"amount": 0.0011015, "date": 1643836267, "price": 199553.92, "tid": 12990184, "type": "sell"}
{"amount": 0.00635202, "date": 1643836267, "price": 199503.37, "tid": 12990185, "type": "sell"}
{"amount": 0.0007515, "date": 1643836274, "price": 199599.40181, "tid": 12990186, "type": "buy"}
{"amount": 0.00052635, "date": 1643836282, "price": 199503.37000001, "tid": 12990187, "type": "buy"}
{"amount": 0.01025266, "date": 1643836298, "price": 199503.37, "tid": 12990188, "type": "sell"}
{"amount": 0.0501, "date": 1643836298, "price": 199500.00000001, "tid": 12990189, "type": "sell"}
{"amount": 0.00147894, "date": 1643836298, "price": 199500, "tid": 12990190, "type": "sell"}
{"amount": 0.01253132, "date": 1643836298, "price": 199500, "tid": 12990191, "type": "sell"}
{"amount": 0.00250626, "date": 1643836298, "price": 199500, "tid": 12990192, "type": "sell"}
{"amount": 2e-05, "date": 1643836298, "price": 199500, "tid": 12990193, "type": "sell"}
{"amount": 0.00075, "date": 1643836298, "price": 199500, "tid": 12990194, "type": "sell"}
{"amount": 0.1, "date": 1643836298, "price": 199500, "tid": 12990195, "type": "sell"}
{"amount": 7.987e-05, "date": 1643836298, "price": 199401.64, "tid": 12990196, "type": "sell"}
{"amount": 0.019, "date": 1643836298, "price": 199150, "tid": 12990197, "type": "sell"}
{"amount": 0.0025, "date": 1643836298, "price": 199100.5, "tid": 12990198, "type": "sell"}
{"amount": 0.00050226, "date": 1643836298, "price": 199100, "tid": 12990199, "type": "sell"}
{"amount": 0.00150686, "date": 1643836298, "price": 199089, "tid": 12990200, "type": "sell"}
{"amount": 0.0001, "date": 1643836298, "price": 199000, "tid": 12990201, "type": "sell"}
{"amount": 0.006, "date": 1643836298, "price": 199000, "tid": 12990202, "type": "sell"}
{"amount": 0.00025125, "date": 1643836298, "price": 199000, "tid": 12990203, "type": "sell"}
{"amount": 0.0013, "date": 1643836298, "price": 199000, "tid": 12990204, "type": "sell"}
{"amount": 0.00125628, "date": 1643836298, "price": 199000, "tid": 12990205, "type": "sell"}
{"amount": 0.01888628, "date": 1643836298, "price": 199000, "tid": 12990206, "type": "sell"}
{"amount": 0.00019758, "date": 1643836318, "price": 199000.00000001, "tid": 12990207, "type": "buy"}
{"amount": 0.01456, "date": 1643836327, "price": 199000.00000001, "tid": 12990208, "type": "buy"}
{"amount": 0.0055405, "date": 1643836327, "price": 199000.01, "tid": 12990209, "type": "buy"}
{"amount": 0.00346442, "date": 1643836357, "price": 199000.00000002, "tid": 12990210, "type": "buy"}
{"amount": 0.0503, "date": 1643836379, "price": 199000.00000001, "tid": 12990211, "type": "sell"}
{"amount": 0.00988429, "date": 1643836379, "price": 199000, "tid": 12990212, "type": "sell"}
{"amount": 0.00502512, "date": 1643836380, "price": 199000.00000002, "tid": 12990213, "type": "buy"}
{"amount": 0.00269482, "date": 1643836386, "price": 199000.00000001, "tid": 12990214, "type": "sell"}
{"amount": 0.00022517, "date": 1643836425, "price": 199000.00000002, "tid": 12990215, "type": "buy"}
{"amount": 0.00060301, "date": 1643836428, "price": 199000.00000002, "tid": 12990216, "type": "buy"}
{"amount": 0.00351864, "date": 1643836429, "price": 199000.00000002, "tid": 12990217, "type": "buy"}
{"amount": 0.00061763, "date": 1643836433, "price": 199000.00000002, "tid": 12990218, "type": "buy"}
{"amount": 0.00025125, "date": 1643836440, "price": 199000.00000002, "tid": 12990219, "type": "buy"}
{"amount": 0.00025125, "date": 1643836472, "price": 199000.00000002, "tid": 12990220, "type": "buy"}
{"amount": 4.817e-05, "date": 1643836475, "price": 199000.00000001, "tid": 12990221, "type": "sell"}
{"amount": 0.00025125, "date": 1643836488, "price": 199000.00000002, "tid": 12990222, "type": "buy"}
{"amount": 0.00070708, "date": 1643836496, "price": 199000.00000002, "tid": 12990223, "type": "buy"}
{"amount": 7.094e-05, "date": 1643836500, "price": 199000.00000001, "tid": 12990224, "type": "sell"}
{"amount": 0.00020737, "date": 1643836517, "price": 199000.00000001, "tid": 12990225, "type": "sell"}
{"amount": 0.00289361, "date": 1643836533, "price": 199000.00000002, "tid": 12990226, "type": "buy"}
{"amount": 0.00020145, "date": 1643836551, "price": 199000.00000002, "tid": 12990227, "type": "buy"}
{"amount": 4.547e-05, "date": 1643836553, "price": 199000.00000002, "tid": 12990228, "type": "buy"}
{"amount": 0.00040291, "date": 1643836571, "price": 199000.00000002, "tid": 12990229, "type": "buy"}
{"amount": 0.004, "date": 1643836581, "price": 199000.01, "tid": 12990230, "type": "buy"}
{"amount": 0.00013457, "date": 1643836592, "price": 199000.00000002, "tid": 12990231, "type": "buy"}
{"amount": 0.00150753, "date": 1643836594, "price": 199000.00000002, "tid": 12990232, "type": "buy"}
{"amount": 0.00236, "date": 1643836604, "price": 199000.00000002, "tid": 12990233, "type": "buy"}
{"amount": 0.02222421, "date": 1643836604, "price": 199000.01, "tid": 12990234, "type": "buy"}
{"amount": 0.0256615, "date": 1643836604, "price": 199043, "tid": 12990235, "type": "buy"}
{"amount": 0.0002512, "date": 1643836636, "price": 199042.67365, "tid": 12990236, "type": "buy"}
{"amount": 0.0005024, "date": 1643836654, "price": 199042.5649002, "tid": 12990237, "type": "buy"}
{"amount": 0.00121351, "date": 1643836690, "price": 199000.00002002, "tid": 12990238, "type": "buy"}
{"amount": 0.00014649, "date": 1643836713, "price": 199000.00002002, "tid": 12990239, "type": "buy"}
{"amount": 0.00035602, "date": 1643836713, "price": 199000.01, "tid": 12990240, "type": "buy"}
{"amount": 2e-05, "date": 1643836722, "price": 199000.01, "tid": 12990241, "type": "buy"}
{"amount": 0.00098199, "date": 1643836723, "price": 199000.00992, "tid": 12990242, "type": "buy"}
{"amount": 0.0001, "date": 1643836732, "price": 199000.00002001, "tid": 12990243, "type": "sell"}
{"amount": 0.00502512, "date": 1643836746, "price": 199000.00992, "tid": 12990244, "type": "buy"}
{"amount": 0.0002505, "date": 1643836746, "price": 199000.00992, "tid": 12990245, "type": "buy"}
{"amount": 7.537e-05, "date": 1643836750, "price": 199000.00992, "tid": 12990246, "type": "buy"}
{"amount": 8.724e-05, "date": 1643836764, "price": 199000, "tid": 12990247, "type": "sell"}
{"amount": 0.00015405, "date": 1643836787, "price": 199000, "tid": 12990248, "type": "sell"}
{"amount": 0.00125314, "date": 1643836809, "price": 199000, "tid": 12990249, "type": "sell"}
{"amount": 0.01273341, "date": 1643836821, "price": 199000, "tid": 12990250, "type": "sell"}
{"amount": 0.02446178, "date": 1643836821, "price": 199000, "tid": 12990251, "type": "sell"}
{"amount": 7.326e-05, "date": 1643836821, "price": 199000.00000999, "tid": 12990252, "type": "buy"}
{"amount": 0.00016381, "date": 1643836824, "price": 199000, "tid": 12990253, "type": "sell"}
{"amount": 0.025, "date": 1643836852, "price": 199000, "tid": 12990254, "type": "sell"}
{"amount": 0.00671826, "date": 1643836854, "price": 199000, "tid": 12990255, "type": "sell"}
{"amount": 0.00175879, "date": 1643836854, "price": 199000, "tid": 12990256, "type": "sell"}
{"amount": 0.00259, "date": 1643836854, "price": 199000, "tid": 12990257, "type": "sell"}
{"amount": 2e-05, "date": 1643836854, "price": 199000, "tid": 12990258, "type": "sell"}
{"amount": 0.00037, "date": 1643836854, "price": 199000, "tid": 12990259, "type": "sell"}
{"amount": 0.01, "date": 1643836854, "price": 199000, "tid": 12990260, "type": "sell"}
{"amount": 0.00354295, "date": 1643836854, "price": 199000, "tid": 12990261, "type": "sell"}
{"amount": 0.00075376, "date": 1643836857, "price": 199000.00000999, "tid": 12990262, "type": "buy"}
{"amount": 0.00148217, "date": 1643836858, "price": 199000, "tid": 12990263, "type": "sell"}
{"amount": 0.00267055, "date": 1643836858, "price": 199000, "tid": 12990264, "type": "sell"}
{"amount": 0.00050251, "date": 1643836858, "price": 199000, "tid": 12990265, "type": "sell"}
{"amount": 0.00100577, "date": 1643836858, "price": 199000, "tid": 12990266, "type": "sell"}
{"amount": 0.00251256, "date": 1643836858, "price": 199000, "tid": 12990267, "type": "sell"}
{"amount": 0.00025125, "date": 1643836858, "price": 199000, "tid": 12990268, "type": "sell"}
{"amount": 0.00502512, "date": 1643836858, "price": 199000, "tid": 12990269, "type": "sell"}
{"amount": 0.01155007, "date": 1643836858, "price": 199000, "tid": 12990270, "type": "sell"}
{"amount": 0.001, "date": 1643836859, "price": 199000, "tid": 12990271, "type": "sell"}
{"amount": 0.025, "date": 1643836862, "price": 199000, "tid": 12990272, "type": "sell"}
{"amount": 0.01652, "date": 1643836878, "price": 199000, "tid": 12990273, "type": "sell"}
{"amount": 0.00255, "date": 1643836879, "price": 199000, "tid": 12990274, "type": "sell"}
{"amount": 0.00025125, "date": 1643836882, "price": 199000.00000999, "tid": 12990275, "type": "buy"}
{"amount": 0.00072263, "date": 1643836884, "price": 199000, "tid": 12990276, "type": "sell"}
{"amount": 0.00753768, "date": 1643836891, "price": 199000.00000999, "tid": 12990277, "type": "buy"}
{"amount": 0.00502512, "date": 1643836892, "price": 199000.00000999, "tid": 12990278, "type": "buy"}
{"amount": 0.00012562, "date": 1643836894, "price": 199000.00000999, "tid": 12990279, "type": "buy"}
{"amount": 0.00016, "date": 1643836900, "price": 199000, "tid": 12990280, "type": "sell"}
{"amount": 0.09697202, "date": 1643836919, "price": 199000, "tid": 12990281, "type": "sell"}
{"amount": 0.0001, "date": 1643836919, "price": 199000, "tid": 12990282, "type": "sell"}
{"amount": 8.452e-05, "date": 1643836919, "price": 199000, "tid": 12990283, "type": "sell"}
{"amount": 8.266e-05, "date": 1643836919, "price": 199000, "tid": 12990284, "type": "sell"}
{"amount": 0.00062638, "date": 1643836919, "price": 199000, "tid": 12990285, "type": "sell"}
{"amount": 0.00203442, "date": 1643836919, "price": 199000, "tid": 12990286, "type": "sell"}
{"amount": 0.00025125, "date": 1643836924, "price": 199000.00000999, "tid": 12990287, "type": "buy"}
{"amount": 7.59e-06, "date": 1643836924, "price": 199000, "tid": 12990288, "type": "sell"}
{"amount": 2e-05, "date": 1643836924, "price": 199000, "tid": 12990289, "type": "sell"}
{"amount": 2e-05, "date": 1643836924, "price": 198999.99, "tid": 12990290, "type": "sell"}
{"amount": 0.00485203, "date": 1643836936, "price": 198900, "tid": 12990291, "type": "sell"}
{"amount": 0.00050276, "date": 1643836936, "price": 198900, "tid": 12990292, "type": "sell"}
{"amount": 0.02, "date": 1643836936, "price": 198890, "tid": 12990293, "type": "sell"}
{"amount": 0.00016149, "date": 1643836936, "price": 198888.31, "tid": 12990294, "type": "sell"}
{"amount": 2.03e-05, "date": 1643836936, "price": 198887.72, "tid": 12990295, "type": "sell"}
{"amount": 0.000995, "date": 1643836960, "price": 198865.68, "tid": 12990296, "type": "sell"}
{"amount": 1.07e-05, "date": 1643836960, "price": 198865.68, "tid": 12990297, "type": "sell"}
{"amount": 0.10057118, "date": 1643836960, "price": 198864.11, "tid": 12990298, "type": "sell"}
{"amount": 0.00251534, "date": 1643836963, "price": 198780, "tid": 12990299, "type": "sell"}
{"amount": 0.00771466, "date": 1643836963, "price": 198699.66, "tid": 12990300, "type": "sell"}
{"amount": 0.00067941, "date": 1643836971, "price": 198699.82438999, "tid": 12990301, "type": "buy"}
{"amount": 7.549e-05, "date": 1643836990, "price": 198699.66013999, "tid": 12990302, "type": "buy"}
{"amount": 0.01298225, "date": 1643836992, "price": 198699.66, "tid": 12990303, "type": "sell"}
{"amount": 0.00136444, "date": 1643836992, "price": 198550, "tid": 12990304, "type": "sell"}
{"amount": 0.00260075, "date": 1643836992, "price": 198501, "tid": 12990305, "type": "sell"}
{"amount": 0.00088161, "date": 1643836992, "price": 198500, "tid": 12990306, "type": "sell"}
{"amount": 2e-05, "date": 1643836992, "price": 198500, "tid": 12990307, "type": "sell"}
{"amount": 0.0003, "date": 1643836992, "price": 198326.9, "tid": 12990308, "type": "sell"}
{"amount": 0.00113364, "date": 1643836992, "price": 198325.07, "tid": 12990309, "type": "sell"}
{"amount": 0.00191604, "date": 1643836992, "price": 198325.07, "tid": 12990310, "type": "sell"}
{"amount": 0.00999999, "date": 1643836992, "price": 198325, "tid": 12990311, "type": "sell"}
{"amount": 0.01, "date": 1643836992, "price": 198325, "tid": 12990312, "type": "sell"}
{"amount": 0.00091881, "date": 1643836992, "price": 198255.55, "tid": 12990313, "type": "sell"}
{"amount": 0.000125, "date": 1643836992, "price": 198250, "tid": 12990314, "type": "sell"}
{"amount": 0.00126128, "date": 1643836992, "price": 198213.95, "tid": 12990315, "type": "sell"}
{"amount": 0.00050454, "date": 1643836992, "price": 198200, "tid": 12990316, "type": "sell"}
{"amount": 0.002, "date": 1643836992, "price": 198187.22, "tid": 12990317, "type": "sell"}
{"amount": 0.00235555, "date": 1643836992, "price": 198140.22, "tid": 12990318, "type": "sell"}
{"amount": 0.04876709, "date": 1643836992, "price": 198100, "tid": 12990319, "type": "sell"}
{"amount": 0.00050327, "date": 1643837001, "price": 198699.5801, "tid": 12990320, "type": "buy"}
{"amount": 0.004, "date": 1643837008, "price": 198100.59951, "tid": 12990321, "type": "buy"}
{"amount": 0.00030287, "date": 1643837016, "price": 198100.59949, "tid": 12990322, "type": "buy"}
{"amount": 0.00252397, "date": 1643837068, "price": 198100.59949, "tid": 12990323, "type": "buy"}
{"amount": 0.0004308, "date": 1643837071, "price": 198100.00000001, "tid": 12990324, "type": "sell"}
{"amount": 0.00151438, "date": 1643837087, "price": 198100.59949, "tid": 12990325, "type": "buy"}
{"amount": 0.0252397, "date": 1643837097, "price": 198100.59949, "tid": 12990326, "type": "buy"}
{"amount": 0.00050479, "date": 1643837109, "price": 198100.59949, "tid": 12990327, "type": "buy"}
{"amount": 0.00257612, "date": 1643837113, "price": 198100.59000001, "tid": 12990328, "type": "sell"}
{"amount": 0.00103412, "date": 1643837116, "price": 198100.59949, "tid": 12990329, "type": "buy"}
{"amount": 0.00088338, "date": 1643837118, "price": 198100.59949, "tid": 12990330, "type": "buy"}
{"amount": 0.00050479, "date": 1643837125, "price": 198100.59949, "tid": 12990331, "type": "buy"}
{"amount": 0.00138334, "date": 1643837152, "price": 198100.59000001, "tid": 12990332, "type": "sell"}
{"amount": 7.571e-05, "date": 1643837160, "price": 198100.59949, "tid": 12990333, "type": "buy"}
{"amount": 0.00642648, "date": 1643837180, "price": 198100.59949, "tid": 12990334, "type": "buy"}
{"amount": 0.02384054, "date": 1643837182, "price": 198100.59000001, "tid": 12990335, "type": "sell"}
{"amount": 0.001, "date": 1643837182, "price": 198100.59, "tid": 12990336, "type": "sell"}
{"amount": 2.796e-05, "date": 1643837182, "price": 198100.59, "tid": 12990337, "type": "sell"}
{"amount": 0.004, "date": 1643837182, "price": 198100.59, "tid": 12990338, "type": "sell"}
{"amount": 0.00022205, "date": 1643837182, "price": 198100.59, "tid": 12990339, "type": "sell"}
{"amount": 0.0280643, "date": 1643837182, "price": 198100, "tid": 12990340, "type": "sell"}
{"amount": 0.00504795, "date": 1643837182, "price": 198100, "tid": 12990341, "type": "sell"}
{"amount": 0.004, "date": 1643837182, "price": 198100, "tid": 12990342, "type": "sell"}
{"amount": 0.0001, "date": 1643837182, "price": 198100, "tid": 12990343, "type": "sell"}
{"amount": 0.01780564, "date": 1643837182, "price": 198000.59105, "tid": 12990344, "type": "sell"}
{"amount": 0.0021688, "date": 1643837189, "price": 198000.80516, "tid": 12990345, "type": "sell"}
{"amount": 0.00075066, "date": 1643837192, "price": 198000.85915, "tid": 12990346, "type": "sell"}
{"amount": 0.00048599, "date": 1643837195, "price": 198000.96695, "tid": 12990347, "type": "sell"}
{"amount": 0.004, "date": 1643837196, "price": 198100.59949, "tid": 12990348, "type": "buy"}
{"amount": 0.00205, "date": 1643837207, "price": 198001.3412954, "tid": 12990349, "type": "sell"}
{"amount": 0.00698981, "date": 1643837208, "price": 198100.59949, "tid": 12990350, "type": "buy"}
{"amount": 0.00310607, "date": 1643837208, "price": 198100.59949, "tid": 12990351, "type": "buy"}
{"amount": 0.0016, "date": 1643837239, "price": 198298.2387355, "tid": 12990352, "type": "buy"}
{"amount": 0.00218218, "date": 1643837239, "price": 198298.29309, "tid": 12990353, "type": "buy"}
{"amount": 0.0050429, "date": 1643837239, "price": 198298.29309, "tid": 12990354, "type": "buy"}
{"amount": 9.463e-05, "date": 1643837255, "price": 198131.99998, "tid": 12990355, "type": "buy"}
{"amount": 0.00012488, "date": 1643837263, "price": 198100.59, "tid": 12990356, "type": "sell"}
{"amount": 0.0002535, "date": 1643837285, "price": 198100.59, "tid": 12990357, "type": "sell"}
{"amount": 0.00362162, "date": 1643837316, "price": 198100.59, "tid": 12990358, "type": "sell"}
{"amount": 0.004, "date": 1643837316, "price": 198100.59, "tid": 12990359, "type": "sell"}
{"amount": 3.886e-05, "date": 1643837324, "price": 198100.58996, "tid": 12990360, "type": "buy"}
{"amount": 0.004, "date": 1643837328, "price": 198100.58996, "tid": 12990361, "type": "buy"}
{"amount": 0.01516935, "date": 1643837333, "price": 198100.58996, "tid": 12990362, "type": "buy"}
{"amount": 2e-05, "date": 1643837339, "price": 198100.58996, "tid": 12990363, "type": "buy"}
{"amount": 0.00025239, "date": 1643837351, "price": 198100.58996, "tid": 12990364, "type": "buy"}
{"amount": 0.00075282, "date": 1643837352, "price": 198005.4246036, "tid": 12990365, "type": "sell"}
{"amount": 0.00025239, "date": 1643837376, "price": 198100.1549608, "tid": 12990366, "type": "buy"}
{"amount": 0.00121, "date": 1643837391, "price": 198100.1541908, "tid": 12990367, "type": "buy"}
{"amount": 0.00121, "date": 1643837391, "price": 198100.2085657, "tid": 12990368, "type": "buy"}
{"amount": 0.00111356, "date": 1643837391, "price": 198100.58919, "tid": 12990369, "type": "buy"}
{"amount": 0.01009593, "date": 1643837398, "price": 198100.58919, "tid": 12990370, "type": "buy"}
{"amount": 0.00025239, "date": 1643837406, "price": 198100.57837, "tid": 12990371, "type": "buy"}
{"amount": 0.00151438, "date": 1643837407, "price": 198100.57837, "tid": 12990372, "type": "buy"}
{"amount": 0.00020191, "date": 1643837410, "price": 198100.57837, "tid": 12990373, "type": "buy"}
{"amount": 0.00504794, "date": 1643837426, "price": 198100.56787, "tid": 12990374, "type": "buy"}
{"amount": 0.004, "date": 1643837433, "price": 198100.56787, "tid": 12990375, "type": "buy"}
{"amount": 0.00049173, "date": 1643837442, "price": 198006.07, "tid": 12990376, "type": "sell"}
{"amount": 0.00015143, "date": 1643837446, "price": 198100.5579, "tid": 12990377, "type": "buy"}
{"amount": 0.00100958, "date": 1643837449, "price": 198100.5579, "tid": 12990378, "type": "buy"}
{"amount": 0.00059879, "date": 1643837451, "price": 198006.07, "tid": 12990379, "type": "sell"}
{"amount": 0.00211899, "date": 1643837480, "price": 198010.6212918, "tid": 12990380, "type": "sell"}
{"amount": 5.047e-05, "date": 1643837509, "price": 198100.56787, "tid": 12990381, "type": "buy"}
{"amount": 0.00010095, "date": 1643837518, "price": 198100.56787, "tid": 12990382, "type": "buy"}
{"amount": 0.00016299, "date": 1643837519, "price": 198100.56787, "tid": 12990383, "type": "buy"}
{"amount": 0.00025744, "date": 1643837523, "price": 198100.56787, "tid": 12990384, "type": "buy"}
{"amount": 0.00100958, "date": 1643837529, "price": 198100.56787, "tid": 12990385, "type": "buy"}
{"amount": 0.00025239, "date": 1643837529, "price": 198100.56787, "tid": 12990386, "type": "buy"}
{"amount": 0.00050479, "date": 1643837535, "price": 198100.56787, "tid": 12990387, "type": "buy"}
{"amount": 0.00499991, "date": 1643837542, "price": 198013.4616418, "tid": 12990388, "type": "sell"}
{"amount": 0.00025239, "date": 1643837545, "price": 198100.5134951, "tid": 12990389, "type": "buy"}
{"amount": 0.00118741, "date": 1643837548, "price": 198013.46256, "tid": 12990390, "type": "sell"}
{"amount": 0.00082, "date": 1643837549, "price": 198100.4047453, "tid": 12990391, "type": "buy"}
{"amount": 0.00195, "date": 1643837554, "price": 198100.4047453, "tid": 12990392, "type": "buy"}
{"amount": 0.00249, "date": 1643837554, "price": 198100.5134951, "tid": 12990393, "type": "buy"}
{"amount": 0.00358219, "date": 1643837554, "price": 198100.56787, "tid": 12990394, "type": "buy"}
{"amount": 0.00012619, "date": 1643837560, "price": 198100.56787, "tid": 12990395, "type": "buy"}
{"amount": 4.339e-05, "date": 1643837566, "price": 198013.57009, "tid": 12990396, "type": "sell"}
{"amount": 0.00353572, "date": 1643837579, "price": 198100.56599, "tid": 12990397, "type": "buy"}
{"amount": 0.00042907, "date": 1643837600, "price": 198100.56401999, "tid": 12990398, "type": "buy"}
{"amount": 0.00252397, "date": 1643837615, "price": 198100.56401999, "tid": 12990399, "type": "buy"}
{"amount": 0.00504794, "date": 1643837618, "price": 198100.56401999, "tid": 12990400, "type": "buy"}
{"amount": 0.00100958, "date": 1643837625, "price": 198100.56000999, "tid": 12990401, "type": "buy"}
{"amount": 0.02019176, "date": 1643837641, "price": 198100.56000999, "tid": 12990402, "type": "buy"}
{"amount": 0.00025239, "date": 1643837659, "price": 198100.56000999, "tid": 12990403, "type": "buy"}
{"amount": 0.07061958, "date": 1643837668, "price": 198100.56, "tid": 12990404, "type": "sell"}
{"amount": 0.00010095, "date": 1643837668, "price": 198100.56, "tid": 12990405, "type": "sell"}
{"amount": 2e-05, "date": 1643837668, "price": 198013.57, "tid": 12990406, "type": "sell"}
{"amount": 0.00051511, "date": 1643837668, "price": 198012.6, "tid": 12990407, "type": "sell"}
{"amount": 0.01604133, "date": 1643837668, "price": 198012.17, "tid": 12990408, "type": "sell"}
{"amount": 0.00050479, "date": 1643837672, "price": 198100.55852, "tid": 12990409, "type": "buy"}
{"amount": 0.00253, "date": 1643837688, "price": 198012.25833999, "tid": 12990410, "type": "buy"}
{"amount": 0.00920964, "date": 1643837692, "price": 198012.17, "tid": 12990411, "type": "sell"}
{"amount": 2e-05, "date": 1643837692, "price": 198006.07, "tid": 12990412, "type": "sell"}
{"amount": 2e-05, "date": 1643837692, "price": 198005.8, "tid": 12990413, "type": "sell"}
{"amount": 2e-05, "date": 1643837692, "price": 198005.64, "tid": 12990414, "type": "sell"}
{"amount": 2e-05, "date": 1643837692, "price": 198004.78, "tid": 12990415, "type": "sell"}
{"amount": 0.00096085, "date": 1643837692, "price": 198000, "tid": 12990416, "type": "sell"}
{"amount": 0.01, "date": 1643837692, "price": 198000, "tid": 12990417, "type": "sell"}
{"amount": 0.0501, "date": 1643837692, "price": 198000, "tid": 12990418, "type": "sell"}
{"amount": 0.00025252, "date": 1643837692, "price": 198000, "tid": 12990419, "type": "sell"}
{"amount": 0.0004, "date": 1643837692, "price": 198000, "tid": 12990420, "type": "sell"}
{"amount": 0.00025267, "date": 1643837692, "price": 198000, "tid": 12990421, "type": "sell"}
{"amount": 0.002, "date": 1643837692, "price": 198000, "tid": 12990422, "type": "sell"}
{"amount": 0.0001, "date": 1643837692, "price": 198000, "tid": 12990423, "type": "sell"}
{"amount": 0.00018686, "date": 1643837692, "price": 198000, "tid": 12990424, "type": "sell"}
{"amount": 0.0156671, "date": 1643837692, "price": 198000, "tid": 12990425, "type": "sell"}
{"amount": 3.767e-05, "date": 1643837699, "price": 198012.25831999, "tid": 12990426, "type": "buy"}
{"amount": 0.0002525, "date": 1643837707, "price": 198012.25831999, "tid": 12990427, "type": "buy"}
{"amount": 0.0407129, "date": 1643837709, "price": 198000, "tid": 12990428, "type": "sell"}
{"amount": 0.0004, "date": 1643837709, "price": 198000, "tid": 12990429, "type": "sell"}
{"amount": 0.00072904, "date": 1643837709, "price": 198000, "tid": 12990430, "type": "sell"}
{"amount": 0.02332769, "date": 1643837709, "price": 198000, "tid": 12990431, "type": "sell"}
{"amount": 0.00046272, "date": 1643837711, "price": 198000, "tid": 12990432, "type": "sell"}
{"amount": 5.055e-05, "date": 1643837714, "price": 198000.01223999, "tid": 12990433, "type": "buy"}
{"amount": 0.0056263, "date": 1643837724, "price": 198000, "tid": 12990434, "type": "sell"}
{"amount": 0.0003, "date": 1643837724, "price": 198000, "tid": 12990435, "type": "sell"}
{"amount": 0.00025255, "date": 1643837724, "price": 198000, "tid": 12990436, "type": "sell"}
{"amount": 0.002, "date": 1643837724, "price": 198000, "tid": 12990437, "type": "sell"}
{"amount": 0.0378753, "date": 1643837724, "price": 198000, "tid": 12990438, "type": "sell"}
{"amount": 3.522e-05, "date": 1643837724, "price": 198000, "tid": 12990439, "type": "sell"}
{"amount": 0.02, "date": 1643837724, "price": 198000, "tid": 12990440, "type": "sell"}
{"amount": 0.000758, "date": 1643837724, "price": 198000, "tid": 12990441, "type": "sell"}
{"amount": 0.001, "date": 1643837724, "price": 198000, "tid": 12990442, "type": "sell"}
{"amount": 0.00207297, "date": 1643837724, "price": 198000, "tid": 12990443, "type": "sell"}
{"amount": 0.0050505, "date": 1643837728, "price": 198000.01217999, "tid": 12990444, "type": "buy"}
{"amount": 0.0156112, "date": 1643837729, "price": 198000, "tid": 12990445, "type": "sell"}
{"amount": 0.000187, "date": 1643837736, "price": 198000, "tid": 12990446, "type": "sell"}
{"amount": 0.00075845, "date": 1643837737, "price": 198000, "tid": 12990447, "type": "sell"}
{"amount": 0.00042126, "date": 1643837738, "price": 198000.00001, "tid": 12990448, "type": "buy"}
{"amount": 0.00040404, "date": 1643837741, "price": 198000.00000999, "tid": 12990449, "type": "buy"}
{"amount": 0.00051, "date": 1643837742, "price": 198000, "tid": 12990450, "type": "sell"}
{"amount": 0.0061129, "date": 1643837743, "price": 198000, "tid": 12990451, "type": "sell"}
{"amount": 0.07941864, "date": 1643837743, "price": 198000, "tid": 12990452, "type": "sell"}
{"amount": 0.00051, "date": 1643837745, "price": 198000, "tid": 12990453, "type": "sell"}
{"amount": 0.00051, "date": 1643837748, "price": 198000, "tid": 12990454, "type": "sell"}
{"amount": 0.00050505, "date": 1643837749, "price": 198000.00000999, "tid": 12990455, "type": "buy"}
{"amount": 0.016043, "date": 1643837751, "price": 198000, "tid": 12990456, "type": "sell"}
{"amount": 0.01010101, "date": 1643837755, "price": 198000.00000999, "tid": 12990457, "type": "buy"}
{"amount": 0.06112431, "date": 1643837757, "price": 198000, "tid": 12990458, "type": "sell"}
{"amount": 0.02440723, "date": 1643837757, "price": 198000, "tid": 12990459, "type": "sell"}
{"amount": 0.00015151, "date": 1643837760, "price": 198000.00000999, "tid": 12990460, "type": "buy"}
{"amount": 0.00021398, "date": 1643837771, "price": 198000, "tid": 12990461, "type": "sell"}
{"amount": 0.00168777, "date": 1643837771, "price": 198000, "tid": 12990462, "type": "sell"}
{"amount": 0.00302979, "date": 1643837771, "price": 198000, "tid": 12990463, "type": "sell"}
{"amount": 0.000125, "date": 1643837771, "price": 198000, "tid": 12990464, "type": "sell"}
{"amount": 0.002, "date": 1643837771, "price": 198000, "tid": 12990465, "type": "sell"}
{"amount": 0.0005101, "date": 1643837771, "price": 198000, "tid": 12990466, "type": "sell"}
{"amount": 0.01, "date": 1643837771, "price": 198000, "tid": 12990467, "type": "sell"}
{"amount": 0.0050505, "date": 1643837771, "price": 198000, "tid": 12990468, "type": "sell"}
{"amount": 2.42e-05, "date": 1643837771, "price": 198000, "tid": 12990469, "type": "sell"}
{"amount": 0.0001, "date": 1643837771, "price": 198000, "tid": 12990470, "type": "sell"}
{"amount": 5.545e-05, "date": 1643837771, "price": 198000, "tid": 12990471, "type": "sell"}
{"amount": 0.00252, "date": 1643837771, "price": 198000, "tid": 12990472, "type": "sell"}
{"amount": 0.01, "date": 1643837771, "price": 198000, "tid": 12990473, "type": "sell"}
{"amount": 0.00029656, "date": 1643837771, "price": 198000, "tid": 12990474, "type": "sell"}
{"amount": 0.04991819, "date": 1643837771, "price": 198000, "tid": 12990475, "type": "sell"}
{"amount": 0.00504794, "date": 1643837773, "price": 198000.00000999, "tid": 12990476, "type": "buy"}
{"amount": 0.00058686, "date": 1643837781, "price": 198000, "tid": 12990477, "type": "sell"}
{"amount": 0.01010101, "date": 1643837781, "price": 198000, "tid": 12990478, "type": "sell"}
{"amount": 0.0020202, "date": 1643837781, "price": 198000, "tid": 12990479, "type": "sell"}
{"amount": 2e-05, "date": 1643837781, "price": 198000, "tid": 12990480, "type": "sell"}
{"amount": 0.002, "date": 1643837781, "price": 198000, "tid": 12990481, "type": "sell"}
{"amount": 0.00050505, "date": 1643837781, "price": 198000, "tid": 12990482, "type": "sell"}
{"amount": 0.0010101, "date": 1643837781, "price": 198000, "tid": 12990483, "type": "sell"}
{"amount": 0.00252525, "date": 1643837781, "price": 198000, "tid": 12990484, "type": "sell"}
{"amount": 0.00051909, "date": 1643837781, "price": 198000, "tid": 12990485, "type": "sell"}
{"amount": 0.0005, "date": 1643837781, "price": 198000, "tid": 12990486, "type": "sell"}
{"amount": 3.744e-05, "date": 1643837781, "price": 198000, "tid": 12990487, "type": "sell"}
{"amount": 0.00501306, "date": 1643837785, "price": 198000, "tid": 12990488, "type": "sell"}
{"amount": 0.08051848, "date": 1643837785, "price": 198000, "tid": 12990489, "type": "sell"}
{"amount": 0.00051, "date": 1643837790, "price": 198000, "tid": 12990490, "type": "sell"}
{"amount": 0.0122, "date": 1643837793, "price": 198000, "tid": 12990491, "type": "sell"}
{"amount": 0.00051, "date": 1643837794, "price": 198000, "tid": 12990492, "type": "sell"}
{"amount": 0.001344, "date": 1643837797, "price": 198000, "tid": 12990493, "type": "sell"}
{"amount": 0.00159317, "date": 1643837799, "price": 198000, "tid": 12990494, "type": "sell"}
{"amount": 0.00383838, "date": 1643837799, "price": 198000, "tid": 12990495, "type": "sell"}
{"amount": 2e-05, "date": 1643837799, "price": 198000, "tid": 12990496, "type": "sell"}
{"amount": 0.00015681, "date": 1643837799, "price": 198000, "tid": 12990497, "type": "sell"}
{"amount": 0.00025257, "date": 1643837799, "price": 198000, "tid": 12990498, "type": "sell"}
{"amount": 0.0050505, "date": 1643837799, "price": 198000, "tid": 12990499, "type": "sell"}
{"amount": 0.00025517, "date": 1643837799, "price": 197980, "tid": 12990500, "type": "sell"}
{"amount": 0.00553154, "date": 1643837799, "price": 197899.56, "tid": 12990501, "type": "sell"}
{"amount": 0.00671709, "date": 1643837799, "price": 197840, "tid": 12990502, "type": "sell"}
{"amount": 0.00028437, "date": 1643837807, "price": 197801.99597999, "tid": 12990503, "type": "buy"}
{"amount": 0.00508584, "date": 1643837809, "price": 197800, "tid": 12990504, "type": "sell"}
{"amount": 0.000125, "date": 1643837809, "price": 197750, "tid": 12990505, "type": "sell"}
{"amount": 0.0023809, "date": 1643837809, "price": 197750, "tid": 12990506, "type": "sell"}
{"amount": 0.004071, "date": 1643837813, "price": 197750, "tid": 12990507, "type": "sell"}
{"amount": 4.81e-05, "date": 1643837813, "price": 197750, "tid": 12990508, "type": "sell"}
{"amount": 0.016082, "date": 1643837813, "price": 197734.5, "tid": 12990509, "type": "sell"}
{"amount": 0.00050572, "date": 1643837818, "price": 197734.49751999, "tid": 12990510, "type": "buy"}
{"amount": 0.02583414, "date": 1643837824, "price": 197574, "tid": 12990511, "type": "sell"}
{"amount": 0.00268681, "date": 1643837825, "price": 197574, "tid": 12990512, "type": "sell"}
{"amount": 5.061e-05, "date": 1643837825, "price": 197554.86, "tid": 12990513, "type": "sell"}
{"amount": 0.01, "date": 1643837825, "price": 197541.89, "tid": 12990514, "type": "sell"}
{"amount": 0.03186553, "date": 1643837825, "price": 197510.77, "tid": 12990515, "type": "sell"}
{"amount": 0.08411837, "date": 1643837827, "price": 197510.77, "tid": 12990516, "type": "sell"}
{"amount": 0.0070886, "date": 1643837827, "price": 197500, "tid": 12990517, "type": "sell"}
{"amount": 0.0005, "date": 1643837827, "price": 197500, "tid": 12990518, "type": "sell"}
{"amount": 0.000125, "date": 1643837827, "price": 197500, "tid": 12990519, "type": "sell"}
{"amount": 6.44e-05, "date": 1643837827, "price": 197500, "tid": 12990520, "type": "sell"}
{"amount": 0.00025316, "date": 1643837827, "price": 197500, "tid": 12990521, "type": "sell"}
{"amount": 2e-05, "date": 1643837827, "price": 197500, "tid": 12990522, "type": "sell"}
{"amount": 0.00025, "date": 1643837827, "price": 197461.55, "tid": 12990523, "type": "sell"}
{"amount": 0.006, "date": 1643837829, "price": 197300, "tid": 12990524, "type": "sell"}
{"amount": 0.000125, "date": 1643837829, "price": 197250, "tid": 12990525, "type": "sell"}
{"amount": 0.0004553, "date": 1643837829, "price": 197200, "tid": 12990526, "type": "sell"}
{"amount": 0.00031642, "date": 1643837829, "price": 197111.11, "tid": 12990527, "type": "sell"}
{"amount": 0.01292828, "date": 1643837829, "price": 197106, "tid": 12990528, "type": "sell"}
{"amount": 0.00025321, "date": 1643837831, "price": 197461.53, "tid": 12990529, "type": "buy"}
{"amount": 1.52e-05, "date": 1643837833, "price": 197280, "tid": 12990530, "type": "buy"}
{"amount": 0.0001, "date": 1643837834, "price": 197106, "tid": 12990531, "type": "sell"}
{"amount": 0.01081675, "date": 1643837836, "price": 197106, "tid": 12990532, "type": "sell"}
{"amount": 0.00506666, "date": 1643837836, "price": 197100, "tid": 12990533, "type": "sell"}
{"amount": 0.00104423, "date": 1643837836, "price": 197077, "tid": 12990534, "type": "sell"}
{"amount": 0.0079, "date": 1643837836, "price": 197001, "tid": 12990535, "type": "sell"}
{"amount": 0.00051, "date": 1643837836, "price": 197000.5, "tid": 12990536, "type": "sell"}
{"amount": 0.00233, "date": 1643837836, "price": 197000, "tid": 12990537, "type": "sell"}
{"amount": 0.03, "date": 1643837836, "price": 197000, "tid": 12990538, "type": "sell"}
{"amount": 0.00039817, "date": 1643837836, "price": 197000, "tid": 12990539, "type": "sell"}
{"amount": 0.000525, "date": 1643837836, "price": 197000, "tid": 12990540, "type": "sell"}
{"amount": 0.00025, "date": 1643837836, "price": 197000, "tid": 12990541, "type": "sell"}
{"amount": 0.00761421, "date": 1643837836, "price": 197000, "tid": 12990542, "type": "sell"}
{"amount": 0.02030456, "date": 1643837836, "price": 197000, "tid": 12990543, "type": "sell"}
{"amount": 0.01469746, "date": 1643837836, "price": 197000, "tid": 12990544, "type": "sell"}
{"amount": 0.00073857, "date": 1643837836, "price": 197000, "tid": 12990545, "type": "sell"}
{"amount": 0.00230203, "date": 1643837836, "price": 197000, "tid": 12990546, "type": "sell"}
{"amount": 0.000125, "date": 1643837836, "price": 197000, "tid": 12990547, "type": "sell"}
{"amount": 0.00127, "date": 1643837836, "price": 197000, "tid": 12990548, "type": "sell"}
{"amount": 0.02934395, "date": 1643837836, "price": 197000, "tid": 12990549, "type": "sell"}
{"amount": 0.0001, "date": 1643837836, "price": 197000, "tid": 12990550, "type": "sell"}
{"amount": 0.000517, "date": 1643837836, "price": 197000, "tid": 12990551, "type": "sell"}
{"amount": 2e-05, "date": 1643837836, "price": 197000, "tid": 12990552, "type": "sell"}
{"amount": 0.0001, "date": 1643837836, "price": 197000, "tid": 12990553, "type": "sell"}
{"amount": 0.00086294, "date": 1643837838, "price": 196999.99965, "tid": 12990554, "type": "buy"}
{"amount": 0.000125, "date": 1643837840, "price": 196750, "tid": 12990555, "type": "sell"}
{"amount": 0.00637899, "date": 1643837840, "price": 196582.55, "tid": 12990556, "type": "sell"}
{"amount": 0.00947941, "date": 1643837840, "price": 196582.55, "tid": 12990557, "type": "sell"}
{"amount": 0.01524775, "date": 1643837842, "price": 196750.24967999, "tid": 12990558, "type": "buy"}
{"amount": 0.00086404, "date": 1643837850, "price": 196749.97832, "tid": 12990559, "type": "buy"}
{"amount": 0.00798953, "date": 1643837857, "price": 196532.02, "tid": 12990560, "type": "sell"}
{"amount": 2e-05, "date": 1643837870, "price": 196501.24826999, "tid": 12990561, "type": "buy"}
{"amount": 0.00025445, "date": 1643837873, "price": 196501.24818999, "tid": 12990562, "type": "buy"}
{"amount": 0.00058747, "date": 1643837889, "price": 196500.9999, "tid": 12990563, "type": "sell"}
{"amount": 0.000125, "date": 1643837889, "price": 196500, "tid": 12990564, "type": "sell"}
{"amount": 0.00026519, "date": 1643837889, "price": 196500, "tid": 12990565, "type": "sell"}
{"amount": 0.0003, "date": 1643837890, "price": 196300, "tid": 12990566, "type": "sell"}
{"amount": 0.000125, "date": 1643837890, "price": 196250, "tid": 12990567, "type": "sell"}
{"amount": 0.00040766, "date": 1643837890, "price": 196198.58, "tid": 12990568, "type": "sell"}
{"amount": 2e-05, "date": 1643837897, "price": 196304.45992, "tid": 12990569, "type": "buy"}
{"amount": 9.234e-05, "date": 1643837898, "price": 196198.58, "tid": 12990570, "type": "sell"}
{"amount": 0.026, "date": 1643837898, "price": 196101, "tid": 12990571, "type": "sell"}
{"amount": 0.01533253, "date": 1643837898, "price": 196100, "tid": 12990572, "type": "sell"}
{"amount": 0.00025509, "date": 1643837906, "price": 196002.37994, "tid": 12990573, "type": "buy"}
{"amount": 0.0012, "date": 1643837908, "price": 196000, "tid": 12990574, "type": "sell"}
{"amount": 0.0005, "date": 1643837908, "price": 196000, "tid": 12990575, "type": "sell"}
{"amount": 0.04081632, "date": 1643837908, "price": 196000, "tid": 12990576, "type": "sell"}
{"amount": 0.01020408, "date": 1643837908, "price": 196000, "tid": 12990577, "type": "sell"}
{"amount": 0.00078173, "date": 1643837908, "price": 196000, "tid": 12990578, "type": "sell"}
{"amount": 0.00030612, "date": 1643837908, "price": 196000, "tid": 12990579, "type": "sell"}
{"amount": 0.00111111, "date": 1643837908, "price": 196000, "tid": 12990580, "type": "sell"}
{"amount": 0.005102, "date": 1643837908, "price": 196000, "tid": 12990581, "type": "sell"}
{"amount": 0.0002551, "date": 1643837908, "price": 196000, "tid": 12990582, "type": "sell"}
{"amount": 0.00178418, "date": 1643837908, "price": 196000, "tid": 12990583, "type": "sell"}
{"amount": 0.00286892, "date": 1643837908, "price": 196000, "tid": 12990584, "type": "sell"}
{"amount": 0.00509693, "date": 1643837908, "price": 196000, "tid": 12990585, "type": "sell"}
{"amount": 0.0051, "date": 1643837908, "price": 196000, "tid": 12990586, "type": "sell"}
{"amount": 0.00181459, "date": 1643837908, "price": 196000, "tid": 12990587, "type": "sell"}
{"amount": 0.0002602, "date": 1643837908, "price": 196000, "tid": 12990588, "type": "sell"}
{"amount": 0.0002552, "date": 1643837908, "price": 196000, "tid": 12990589, "type": "sell"}
{"amount": 0.00929038, "date": 1643837908, "price": 196000, "tid": 12990590, "type": "sell"}
{"amount": 0.00127549, "date": 1643837909, "price": 196002.37994, "tid": 12990591, "type": "buy"}
{"amount": 0.026, "date": 1643837918, "price": 196000.00072, "tid": 12990592, "type": "buy"}
{"amount": 0.0003299, "date": 1643837922, "price": 196000, "tid": 12990593, "type": "sell"}
{"amount": 0.051, "date": 1643837923, "price": 196000.00000001, "tid": 12990594, "type": "sell"}
{"amount": 0.06181079, "date": 1643837923, "price": 196000, "tid": 12990595, "type": "sell"}
{"amount": 0.002, "date": 1643837923, "price": 196000, "tid": 12990596, "type": "sell"}
{"amount": 0.000125, "date": 1643837923, "price": 196000, "tid": 12990597, "type": "sell"}
{"amount": 0.0025, "date": 1643837923, "price": 196000, "tid": 12990598, "type": "sell"}
{"amount": 0.0001, "date": 1643837923, "price": 196000, "tid": 12990599, "type": "sell"}
{"amount": 0.00051, "date": 1643837923, "price": 196000, "tid": 12990600, "type": "sell"}
{"amount": 0.00013678, "date": 1643837923, "price": 196000, "tid": 12990601, "type": "sell"}
{"amount": 0.0002, "date": 1643837923, "price": 196000, "tid": 12990602, "type": "sell"}
{"amount": 0.00907331, "date": 1643837928, "price": 195999.99864, "tid": 12990603, "type": "buy"}
{"amount": 0.0002551, "date": 1643837937, "price": 195999.99705, "tid": 12990604, "type": "buy"}
{"amount": 0.00045918, "date": 1643837945, "price": 195999.99549, "tid": 12990605, "type": "buy"}
{"amount": 2e-05, "date": 1643837949, "price": 195999.99, "tid": 12990606, "type": "sell"}
{"amount": 0.00145229, "date": 1643837949, "price": 195999, "tid": 12990607, "type": "sell"}
{"amount": 0.01555458, "date": 1643837954, "price": 195999, "tid": 12990608, "type": "sell"}
{"amount": 5.102e-05, "date": 1643837968, "price": 195998.98555999, "tid": 12990609, "type": "buy"}
{"amount": 0.000486, "date": 1643837972, "price": 195982.08, "tid": 12990610, "type": "sell"}
{"amount": 6.4e-05, "date": 1643837974, "price": 195982.08, "tid": 12990611, "type": "sell"}
{"amount": 0.0005, "date": 1643837974, "price": 195944.39, "tid": 12990612, "type": "sell"}
{"amount": 0.0357285, "date": 1643837974, "price": 195922, "tid": 12990613, "type": "sell"}
{"amount": 0.01634451, "date": 1643837974, "price": 195800.00000001, "tid": 12990614, "type": "sell"}
{"amount": 8.938e-05, "date": 1643837980, "price": 195998.9805, "tid": 12990615, "type": "buy"}
{"amount": 0.026, "date": 1643837997, "price": 195800.19791999, "tid": 12990616, "type": "buy"}
{"amount": 0.00025564, "date": 1643838001, "price": 195800.00111, "tid": 12990617, "type": "sell"}
{"amount": 0.0002142, "date": 1643838018, "price": 195800.00111001, "tid": 12990618, "type": "sell"}
{"amount": 0.099985, "date": 1643838036, "price": 195800.19001, "tid": 12990619, "type": "sell"}
{"amount": 0.00010627, "date": 1643838040, "price": 196002.36851, "tid": 12990620, "type": "buy"}
{"amount": 0.00025509, "date": 1643838053, "price": 196002.36851, "tid": 12990621, "type": "buy"}
{"amount": 0.00510197, "date": 1643838061, "price": 196002.36851, "tid": 12990622, "type": "buy"}
{"amount": 0.00153059, "date": 1643838063, "price": 196002.36851, "tid": 12990623, "type": "buy"}
{"amount": 0.00025509, "date": 1643838077, "price": 196002.36851, "tid": 12990624, "type": "buy"}
{"amount": 0.00125508, "date": 1643838081, "price": 196002.36851, "tid": 12990625, "type": "buy"}
{"amount": 0.00223849, "date": 1643838089, "price": 196002.36851, "tid": 12990626, "type": "buy"}
{"amount": 0.01656, "date": 1643838095, "price": 196002.36817, "tid": 12990627, "type": "buy"}
{"amount": 0.0307, "date": 1643838096, "price": 196002.36666001, "tid": 12990628, "type": "sell"}
{"amount": 0.037382, "date": 1643838097, "price": 196002.36624, "tid": 12990629, "type": "buy"}
{"amount": 0.042468, "date": 1643838097, "price": 196002.36667, "tid": 12990630, "type": "sell"}
{"amount": 0.00050927, "date": 1643838098, "price": 196002.36527, "tid": 12990631, "type": "buy"}
{"amount": 0.00124748, "date": 1643838102, "price": 196234.9897, "tid": 12990632, "type": "buy"}
{"amount": 0.00058019, "date": 1643838104, "price": 196002.36, "tid": 12990633, "type": "sell"}
{"amount": 0.00281778, "date": 1643838104, "price": 196002.36, "tid": 12990634, "type": "sell"}
{"amount": 0.00283407, "date": 1643838104, "price": 196002.36, "tid": 12990635, "type": "sell"}
{"amount": 0.00057329, "date": 1643838105, "price": 196234.98964, "tid": 12990636, "type": "buy"}
{"amount": 0.00095548, "date": 1643838107, "price": 196234.98964, "tid": 12990637, "type": "buy"}
{"amount": 0.00012449, "date": 1643838108, "price": 196234.98964, "tid": 12990638, "type": "buy"}
{"amount": 0.00101918, "date": 1643838109, "price": 196234.98964, "tid": 12990639, "type": "buy"}
{"amount": 7.643e-05, "date": 1643838121, "price": 196234.98964, "tid": 12990640, "type": "buy"}
{"amount": 0.00046966, "date": 1643838129, "price": 196234.98, "tid": 12990641, "type": "sell"}
{"amount": 0.00050959, "date": 1643838136, "price": 196234.98964, "tid": 12990642, "type": "buy"}
{"amount": 0.00254796, "date": 1643838142, "price": 196234.98964, "tid": 12990643, "type": "buy"}
{"amount": 0.00337019, "date": 1643838147, "price": 196234.98964, "tid": 12990644, "type": "buy"}
{"amount": 0.00025479, "date": 1643838149, "price": 196234.98964, "tid": 12990645, "type": "buy"}
{"amount": 0.00254799, "date": 1643838153, "price": 196234.98964, "tid": 12990646, "type": "buy"}
{"amount": 0.0002364, "date": 1643838159, "price": 196234.98964, "tid": 12990647, "type": "buy"}
{"amount": 0.00076438, "date": 1643838159, "price": 196234.98964, "tid": 12990648, "type": "buy"}
{"amount": 0.00049975, "date": 1643838161, "price": 196234.98, "tid": 12990649, "type": "sell"}
{"amount": 0.00091726, "date": 1643838166, "price": 196234.98964, "tid": 12990650, "type": "buy"}
{"amount": 2.547e-05, "date": 1643838168, "price": 196234.98964, "tid": 12990651, "type": "buy"}
{"amount": 0.00076581, "date": 1643838170, "price": 196234.98964, "tid": 12990652, "type": "buy"}
{"amount": 0.00050959, "date": 1643838175, "price": 196234.98964, "tid": 12990653, "type": "buy"}
{"amount": 0.00057329, "date": 1643838176, "price": 196234.98964, "tid": 12990654, "type": "buy"}
{"amount": 0.00025479, "date": 1643838180, "price": 196234.98964, "tid": 12990655, "type": "buy"}
{"amount": 5.095e-05, "date": 1643838186, "price": 196234.98964, "tid": 12990656, "type": "buy"}
{"amount": 0.00050959, "date": 1643838190, "price": 196234.98964, "tid": 12990657, "type": "buy"}
{"amount": 4.586e-05, "date": 1643838196, "price": 196234.98964, "tid": 12990658, "type": "buy"}
{"amount": 0.00025652, "date": 1643838212, "price": 196234.98964, "tid": 12990659, "type": "buy"}
{"amount": 0.00104787, "date": 1643838219, "price": 196234.98964, "tid": 12990660, "type": "buy"}
{"amount": 0.00509593, "date": 1643838230, "price": 196234.98964, "tid": 12990661, "type": "buy"}
{"amount": 0.00050959, "date": 1643838246, "price": 196234.98000999, "tid": 12990662, "type": "buy"}
{"amount": 5.095e-05, "date": 1643838257, "price": 196234.98001, "tid": 12990663, "type": "buy"}
{"amount": 0.00050959, "date": 1643838272, "price": 196234.98000999, "tid": 12990664, "type": "buy"}
{"amount": 3.057e-05, "date": 1643838274, "price": 196234.98000999, "tid": 12990665, "type": "buy"}
{"amount": 0.00030457, "date": 1643838281, "price": 196234.98, "tid": 12990666, "type": "sell"}
{"amount": 0.0028, "date": 1643838281, "price": 196200, "tid": 12990667, "type": "sell"}
{"amount": 5.101e-05, "date": 1643838286, "price": 196038.74996, "tid": 12990668, "type": "buy"}
{"amount": 0.00255051, "date": 1643838295, "price": 196038.74994, "tid": 12990669, "type": "buy"}
{"amount": 0.0007283, "date": 1643838297, "price": 196002.39639, "tid": 12990670, "type": "buy"}
{"amount": 0.00403821, "date": 1643838304, "price": 196002.36, "tid": 12990671, "type": "sell"}
{"amount": 0.00515306, "date": 1643838304, "price": 196000, "tid": 12990672, "type": "sell"}
{"amount": 0.001, "date": 1643838304, "price": 195900.13000001, "tid": 12990673, "type": "sell"}
{"amount": 0.00040326, "date": 1643838304, "price": 195900.13, "tid": 12990674, "type": "sell"}
{"amount": 0.0008, "date": 1643838304, "price": 195800, "tid": 12990675, "type": "sell"}
{"amount": 0.00104075, "date": 1643838304, "price": 195800, "tid": 12990676, "type": "sell"}
{"amount": 0.00036041, "date": 1643838304, "price": 195800, "tid": 12990677, "type": "sell"}
{"amount": 0.02808988, "date": 1643838304, "price": 195800, "tid": 12990678, "type": "sell"}
{"amount": 0.00651181, "date": 1643838304, "price": 195751, "tid": 12990679, "type": "sell"}
{"amount": 0.00254847, "date": 1643838305, "price": 195985, "tid": 12990680, "type": "buy"}
{"amount": 0.00255121, "date": 1643838315, "price": 195984.99994, "tid": 12990681, "type": "buy"}
{"amount": 0.01020486, "date": 1643838317, "price": 195984.99994, "tid": 12990682, "type": "buy"}
{"amount": 0.00046641, "date": 1643838320, "price": 195984.9899, "tid": 12990683, "type": "buy"}
{"amount": 0.00015307, "date": 1643838321, "price": 195984.9899, "tid": 12990684, "type": "buy"}
{"amount": 0.00125009, "date": 1643838330, "price": 195984.9899, "tid": 12990685, "type": "buy"}
{"amount": 0.00025512, "date": 1643838337, "price": 195984.9899, "tid": 12990686, "type": "buy"}
{"amount": 0.00046753, "date": 1643838346, "price": 195751.00000001, "tid": 12990687, "type": "sell"}
{"amount": 0.00034951, "date": 1643838347, "price": 195984.9899, "tid": 12990688, "type": "buy"}
{"amount": 0.0382718, "date": 1643838347, "price": 195984.9899, "tid": 12990689, "type": "buy"}
{"amount": 0.00051024, "date": 1643838348, "price": 195984.9899, "tid": 12990690, "type": "buy"}
{"amount": 0.00061218, "date": 1643838348, "price": 196229.99, "tid": 12990691, "type": "buy"}
{"amount": 0.02038497, "date": 1643838351, "price": 196223, "tid": 12990692, "type": "buy"}
{"amount": 0.00328532, "date": 1643838352, "price": 195751.00001, "tid": 12990693, "type": "sell"}
{"amount": 0.03064871, "date": 1643838352, "price": 195751, "tid": 12990694, "type": "sell"}
{"amount": 0.0293691, "date": 1643838352, "price": 195751, "tid": 12990695, "type": "sell"}
{"amount": 0.00025537, "date": 1643838367, "price": 195794, "tid": 12990696, "type": "buy"}
{"amount": 0.00051, "date": 1643838384, "price": 195902.99999, "tid": 12990697, "type": "buy"}
{"amount": 4.5e-07, "date": 1643838384, "price": 195903, "tid": 12990698, "type": "buy"}
{"amount": 0.00051, "date": 1643838390, "price": 195907.99999, "tid": 12990699, "type": "buy"}
{"amount": 0.00050531, "date": 1643838390, "price": 195908, "tid": 12990700, "type": "buy"}
{"amount": 5.104e-05, "date": 1643838400, "price": 195907.99999, "tid": 12990701, "type": "buy"}
{"amount": 0.00045896, "date": 1643838417, "price": 195907.99999, "tid": 12990702, "type": "buy"}
{"amount": 0.0012255, "date": 1643838417, "price": 195907.99999, "tid": 12990703, "type": "buy"}
{"amount": 1.02e-05, "date": 1643838423, "price": 195907.99999, "tid": 12990704, "type": "buy"}
{"amount": 3.935e-05, "date": 1643838456, "price": 195907.99, "tid": 12990705, "type": "sell"}
{"amount": 5.104e-05, "date": 1643838461, "price": 195907.99998999, "tid": 12990706, "type": "buy"}
{"amount": 0.00167359, "date": 1643838464, "price": 195907.99000999, "tid": 12990707, "type": "buy"}
{"amount": 0.00051, "date": 1643838466, "price": 195907.99, "tid": 12990708, "type": "sell"}
{"amount": 0.002213, "date": 1643838473, "price": 195907.99001, "tid": 12990709, "type": "buy"}
{"amount": 0.00051, "date": 1643838473, "price": 195907.99001, "tid": 12990710, "type": "buy"}
{"amount": 0.00748587, "date": 1643838473, "price": 195907.99999, "tid": 12990711, "type": "buy"}
{"amount": 5.102e-05, "date": 1643838475, "price": 195999.98999999, "tid": 12990712, "type": "buy"}
{"amount": 0.00203798, "date": 1643838476, "price": 195907.99, "tid": 12990713, "type": "sell"}
{"amount": 0.00025522, "date": 1643838499, "price": 195907.99001, "tid": 12990714, "type": "buy"}
{"amount": 0.00138151, "date": 1643838502, "price": 195907.99000999, "tid": 12990715, "type": "buy"}
{"amount": 0.00077, "date": 1643838502, "price": 195907.99000999, "tid": 12990716, "type": "buy"}
{"amount": 0.00051, "date": 1643838503, "price": 195907.99, "tid": 12990717, "type": "sell"}
{"amount": 0.001, "date": 1643838506, "price": 195907.99001, "tid": 12990718, "type": "buy"}
{"amount": 0.00051, "date": 1643838507, "price": 195907.99000001, "tid": 12990719, "type": "sell"}
{"amount": 0.0012761, "date": 1643838508, "price": 195907.99001, "tid": 12990720, "type": "buy"}
{"amount": 0.00051044, "date": 1643838518, "price": 195907.99001, "tid": 12990721, "type": "buy"}
{"amount": 0.03332181, "date": 1643838520, "price": 195907.99001, "tid": 12990722, "type": "buy"}
{"amount": 0.00051, "date": 1643838521, "price": 195907.99, "tid": 12990723, "type": "sell"}
{"amount": 0.00051, "date": 1643838524, "price": 195907.99, "tid": 12990724, "type": "sell"}
{"amount": 0.00034879, "date": 1643838528, "price": 195907.99, "tid": 12990725, "type": "sell"}
{"amount": 0.00016121, "date": 1643838528, "price": 195907.99, "tid": 12990726, "type": "sell"}
{"amount": 0.00051, "date": 1643838530, "price": 195907.99, "tid": 12990727, "type": "sell"}
{"amount": 0.00051, "date": 1643838533, "price": 195907.99, "tid": 12990728, "type": "sell"}
{"amount": 0.00051, "date": 1643838536, "price": 195907.99, "tid": 12990729, "type": "sell"}
{"amount": 0.00051, "date": 1643838540, "price": 195907.99, "tid": 12990730, "type": "sell"}
{"amount": 0.00051, "date": 1643838543, "price": 195907.99, "tid": 12990731, "type": "sell"}
{"amount": 0.00051, "date": 1643838546, "price": 195907.99, "tid": 12990732, "type": "sell"}
{"amount": 0.00051, "date": 1643838551, "price": 195907.99, "tid": 12990733, "type": "sell"}
{"amount": 0.00023117, "date": 1643838554, "price": 195907.99000999, "tid": 12990734, "type": "buy"}
{"amount": 0.00051, "date": 1643838555, "price": 195907.99, "tid": 12990735, "type": "sell"}
{"amount": 0.00051, "date": 1643838560, "price": 195907.99, "tid": 12990736, "type": "sell"}
{"amount": 0.00013687, "date": 1643838561, "price": 195907.99, "tid": 12990737, "type": "sell"}
{"amount": 0.00021635, "date": 1643838564, "price": 195907.99, "tid": 12990738, "type": "sell"}
{"amount": 0.00029365, "date": 1643838564, "price": 195907.99, "tid": 12990739, "type": "sell"}
{"amount": 0.00021679, "date": 1643838566, "price": 195907.99, "tid": 12990740, "type": "sell"}
{"amount": 0.00029321, "date": 1643838566, "price": 195752, "tid": 12990741, "type": "sell"}
{"amount": 0.00510443, "date": 1643838572, "price": 195907.97999999, "tid": 12990742, "type": "buy"}
{"amount": 0.00658007, "date": 1643838576, "price": 195907.97998999, "tid": 12990743, "type": "buy"}
{"amount": 0.02567342, "date": 1643838589, "price": 195752, "tid": 12990744, "type": "sell"}
{"amount": 0.01977491, "date": 1643838589, "price": 195751, "tid": 12990745, "type": "sell"}
{"amount": 0.0002, "date": 1643838589, "price": 195751, "tid": 12990746, "type": "sell"}
{"amount": 0.02207666, "date": 1643838589, "price": 195751, "tid": 12990747, "type": "sell"}
{"amount": 0.000125, "date": 1643838589, "price": 195750, "tid": 12990748, "type": "sell"}
{"amount": 0.00023749, "date": 1643838589, "price": 195705.3, "tid": 12990749, "type": "sell"}
{"amount": 0.01464731, "date": 1643838589, "price": 195678.9, "tid": 12990750, "type": "sell"}
{"amount": 0.00510443, "date": 1643838595, "price": 195752.14599999, "tid": 12990751, "type": "buy"}
{"amount": 0.00236574, "date": 1643838599, "price": 195752.14599999, "tid": 12990752, "type": "buy"}
{"amount": 0.00025542, "date": 1643838601, "price": 195752.14599, "tid": 12990753, "type": "buy"}
{"amount": 0.00025458, "date": 1643838603, "price": 195752.14599, "tid": 12990754, "type": "buy"}
{"amount": 0.00996242, "date": 1643838603, "price": 195752.14599999, "tid": 12990755, "type": "buy"}
{"amount": 0.00051, "date": 1643838610, "price": 195678.97324, "tid": 12990756, "type": "buy"}
{"amount": 0.04037328, "date": 1643838610, "price": 195678.97324999, "tid": 12990757, "type": "buy"}
{"amount": 0.00215592, "date": 1643838613, "price": 195678.97324999, "tid": 12990758, "type": "buy"}
{"amount": 0.00268296, "date": 1643838613, "price": 195678.97324999, "tid": 12990759, "type": "buy"}
{"amount": 0.00028107, "date": 1643838616, "price": 195678.97324999, "tid": 12990760, "type": "buy"}
{"amount": 5.11e-05, "date": 1643838628, "price": 195678.97323999, "tid": 12990761, "type": "buy"}
{"amount": 0.00051, "date": 1643838630, "price": 195678.97324, "tid": 12990762, "type": "buy"}
{"amount": 0.00051208, "date": 1643838630, "price": 195678.97324, "tid": 12990763, "type": "buy"}
{"amount": 0.00051, "date": 1643838637, "price": 195678.97323, "tid": 12990764, "type": "buy"}
{"amount": 9.8e-07, "date": 1643838637, "price": 195678.97324, "tid": 12990765, "type": "buy"}
{"amount": 0.0025552, "date": 1643838651, "price": 195678.97323, "tid": 12990766, "type": "buy"}
{"amount": 8.171e-05, "date": 1643838671, "price": 195678.97322, "tid": 12990767, "type": "buy"}
{"amount": 0.00075457, "date": 1643838674, "price": 195678.97322, "tid": 12990768, "type": "buy"}
{"amount": 0.00051104, "date": 1643838677, "price": 195678.97322, "tid": 12990769, "type": "buy"}
{"amount": 0.00025552, "date": 1643838687, "price": 195678.97322, "tid": 12990770, "type": "buy"}
{"amount": 0.00504964, "date": 1643838691, "price": 195678.97322, "tid": 12990771, "type": "buy"}
{"amount": 0.00143801, "date": 1643838692, "price": 195678.97322, "tid": 12990772, "type": "buy"}
{"amount": 0.00025552, "date": 1643838698, "price": 195678.97322, "tid": 12990773, "type": "buy"}
{"amount": 3.768e-05, "date": 1643838709, "price": 195678.97, "tid": 12990774, "type": "sell"}
{"amount": 0.00053465, "date": 1643838723, "price": 195678.97000001, "tid": 12990775, "type": "sell"}
{"amount": 0.00427981, "date": 1643838729, "price": 195678.97322, "tid": 12990776, "type": "buy"}
{"amount": 0.00204416, "date": 1643838749, "price": 195678.97322, "tid": 12990777, "type": "buy"}
{"amount": 0.0010395, "date": 1643838764, "price": 195678.97322, "tid": 12990778, "type": "buy"}
{"amount": 9.582e-05, "date": 1643838771, "price": 195678.97322, "tid": 12990779, "type": "buy"}
{"amount": 0.00050138, "date": 1643838782, "price": 195678.97322, "tid": 12990780, "type": "buy"}
{"amount": 0.00071237, "date": 1643838784, "price": 195678.97000001, "tid": 12990781, "type": "sell"}
{"amount": 0.00359325, "date": 1643838797, "price": 195678.97322, "tid": 12990782, "type": "buy"}
{"amount": 0.00022761, "date": 1643838808, "price": 195678.97322, "tid": 12990783, "type": "buy"}
{"amount": 8.817e-05, "date": 1643838815, "price": 195678.97000001, "tid": 12990784, "type": "sell"}
{"amount": 0.00081766, "date": 1643838816, "price": 195678.97322, "tid": 12990785, "type": "buy"}
{"amount": 0.00102208, "date": 1643838824, "price": 195678.97322, "tid": 12990786, "type": "buy"}
{"amount": 6.388e-05, "date": 1643838833, "price": 195678.97322, "tid": 12990787, "type": "buy"}
{"amount": 0.00511041, "date": 1643838833, "price": 195678.97322, "tid": 12990788, "type": "buy"}
{"amount": 0.02555205, "date": 1643838853, "price": 195678.97322, "tid": 12990789, "type": "buy"}
{"amount": 0.00011753, "date": 1643838853, "price": 195678.97322, "tid": 12990790, "type": "buy"}
{"amount": 0.02044164, "date": 1643838875, "price": 195678.97322, "tid": 12990791, "type": "buy"}
{"amount": 0.01355453, "date": 1643838892, "price": 195678.97000001, "tid": 12990792, "type": "sell"}
{"amount": 0.00076656, "date": 1643838893, "price": 195678.97322, "tid": 12990793, "type": "buy"}
{"amount": 0.00099239, "date": 1643838895, "price": 195678.97322, "tid": 12990794, "type": "buy"}
{"amount": 0.00102208, "date": 1643838904, "price": 195678.97322, "tid": 12990795, "type": "buy"}
{"amount": 0.00076666, "date": 1643838909, "price": 195678.97000001, "tid": 12990796, "type": "sell"}
{"amount": 9.459e-05, "date": 1643838910, "price": 195678.97322, "tid": 12990797, "type": "buy"}
{"amount": 0.00030966, "date": 1643838916, "price": 195795, "tid": 12990798, "type": "buy"}
{"amount": 0.00153342, "date": 1643838918, "price": 195751, "tid": 12990799, "type": "buy"}
{"amount": 0.00178767, "date": 1643838931, "price": 195791, "tid": 12990800, "type": "buy"}
{"amount": 0.0019153, "date": 1643838931, "price": 195791, "tid": 12990801, "type": "buy"}
{"amount": 0.0004817, "date": 1643838934, "price": 195763, "tid": 12990802, "type": "buy"}
{"amount": 0.00024645, "date": 1643838946, "price": 195678.97000001, "tid": 12990803, "type": "sell"}
{"amount": 0.0025541, "date": 1643838948, "price": 195763, "tid": 12990804, "type": "buy"}
{"amount": 0.00010216, "date": 1643838949, "price": 195763, "tid": 12990805, "type": "buy"}
{"amount": 0.00102197, "date": 1643838950, "price": 195700, "tid": 12990806, "type": "buy"}
{"amount": 0.01069935, "date": 1643838959, "price": 195678.97000001, "tid": 12990807, "type": "sell"}
{"amount": 0.00490764, "date": 1643838965, "price": 195678.97000001, "tid": 12990808, "type": "sell"}
{"amount": 0.00081125, "date": 1643838972, "price": 195721, "tid": 12990809, "type": "buy"}
{"amount": 0.00347857, "date": 1643838984, "price": 195678.97000001, "tid": 12990810, "type": "sell"}
{"amount": 0.00025546, "date": 1643838984, "price": 195721, "tid": 12990811, "type": "buy"}
{"amount": 0.00303963, "date": 1643838987, "price": 195678.97000001, "tid": 12990812, "type": "sell"}
{"amount": 0.00083028, "date": 1643839006, "price": 195678.97000001, "tid": 12990813, "type": "sell"}
{"amount": 0.17884699, "date": 1643839007, "price": 195698, "tid": 12990814, "type": "buy"}
{"amount": 0.00510404, "date": 1643839013, "price": 195923, "tid": 12990815, "type": "buy"}
{"amount": 0.00082038, "date": 1643839030, "price": 195681.21801, "tid": 12990816, "type": "sell"}
{"amount": 0.004, "date": 1643839034, "price": 195983.99996, "tid": 12990817, "type": "buy"}
{"amount": 5e-05, "date": 1643839034, "price": 195983.99996, "tid": 12990818, "type": "buy"}
{"amount": 0.00012756, "date": 1643839044, "price": 195978.37991, "tid": 12990819, "type": "buy"}
{"amount": 0.00069282, "date": 1643839056, "price": 196145.86599, "tid": 12990820, "type": "buy"}
{"amount": 0.00011989, "date": 1643839056, "price": 196146.99, "tid": 12990821, "type": "buy"}
{"amount": 6.913e-05, "date": 1643839060, "price": 196146.98996, "tid": 12990822, "type": "buy"}
{"amount": 0.00368453, "date": 1643839060, "price": 196146.98996, "tid": 12990823, "type": "buy"}
{"amount": 0.00025491, "date": 1643839068, "price": 196146.98996, "tid": 12990824, "type": "buy"}
{"amount": 0.00060518, "date": 1643839080, "price": 196146.98000001, "tid": 12990825, "type": "sell"}
{"amount": 0.00469979, "date": 1643839090, "price": 196146.98996, "tid": 12990826, "type": "buy"}
{"amount": 0.00017841, "date": 1643839090, "price": 196234.69961, "tid": 12990827, "type": "buy"}
{"amount": 0.00025479, "date": 1643839093, "price": 196234.69961, "tid": 12990828, "type": "buy"}
{"amount": 0.004, "date": 1643839110, "price": 196146.98, "tid": 12990829, "type": "sell"}
{"amount": 0.0007293, "date": 1643839110, "price": 196146.98, "tid": 12990830, "type": "sell"}
{"amount": 0.0242707, "date": 1643839110, "price": 195681.228, "tid": 12990831, "type": "sell"}
{"amount": 0.00076439, "date": 1643839115, "price": 196232.4516, "tid": 12990832, "type": "buy"}
{"amount": 0.00011053, "date": 1643839116, "price": 196232.45159999, "tid": 12990833, "type": "buy"}
{"amount": 0.000376, "date": 1643839123, "price": 196234.98, "tid": 12990834, "type": "buy"}
{"amount": 0.00471875, "date": 1643839123, "price": 196283.92062999, "tid": 12990835, "type": "buy"}
{"amount": 2e-05, "date": 1643839125, "price": 195999.99, "tid": 12990836, "type": "sell"}
{"amount": 0.00147366, "date": 1643839144, "price": 196088.87599, "tid": 12990837, "type": "buy"}
{"amount": 5.09e-06, "date": 1643839161, "price": 196088.87599, "tid": 12990838, "type": "buy"}
{"amount": 0.00018751, "date": 1643839167, "price": 196088.87599, "tid": 12990839, "type": "buy"}
{"amount": 0.00022886, "date": 1643839174, "price": 196088.87, "tid": 12990840, "type": "sell"}
{"amount": 0.00050996, "date": 1643839186, "price": 196090, "tid": 12990841, "type": "buy"}
{"amount": 0.01528171, "date": 1643839188, "price": 196313, "tid": 12990842, "type": "buy"}
{"amount": 0.00100704, "date": 1643839191, "price": 196311.87599, "tid": 12990843, "type": "buy"}
{"amount": 0.00022685, "date": 1643839194, "price": 196423.87599, "tid": 12990844, "type": "buy"}
{"amount": 0.00025455, "date": 1643839194, "price": 196423.87599, "tid": 12990845, "type": "buy"}
{"amount": 0.0015273, "date": 1643839200, "price": 196423.87599, "tid": 12990846, "type": "buy"}
{"amount": 0.0004922, "date": 1643839201, "price": 196423.87599, "tid": 12990847, "type": "buy"}
{"amount": 4.902e-05, "date": 1643839216, "price": 196423.87599, "tid": 12990848, "type": "buy"}
{"amount": 0.00304898, "date": 1643839236, "price": 196787, "tid": 12990849, "type": "buy"}
{"amount": 0.00076233, "date": 1643839249, "price": 196764.87599, "tid": 12990850, "type": "buy"}
{"amount": 0.00038026, "date": 1643839266, "price": 197231.75198, "tid": 12990851, "type": "buy"}
{"amount": 0.0002028, "date": 1643839274, "price": 197231.73195, "tid": 12990852, "type": "buy"}
{"amount": 0.00017746, "date": 1643839283, "price": 197231.73199, "tid": 12990853, "type": "buy"}
{"amount": 0.0070982, "date": 1643839283, "price": 197232.85596, "tid": 12990854, "type": "buy"}
{"amount": 0.04342583, "date": 1643839283, "price": 197232.85599, "tid": 12990855, "type": "buy"}
{"amount": 0.0014723, "date": 1643839285, "price": 196792.66331, "tid": 12990856, "type": "sell"}
{"amount": 0.00088423, "date": 1643839294, "price": 197231.73195, "tid": 12990857, "type": "buy"}
{"amount": 0.00101403, "date": 1643839305, "price": 197231.73194999, "tid": 12990858, "type": "buy"}
{"amount": 0.00012358, "date": 1643839322, "price": 197231.73, "tid": 12990859, "type": "sell"}
{"amount": 7.006e-05, "date": 1643839334, "price": 197231.73194999, "tid": 12990860, "type": "buy"}
{"amount": 0.01014035, "date": 1643839337, "price": 197231.73194999, "tid": 12990861, "type": "buy"}
{"amount": 0.00018942, "date": 1643839348, "price": 197231.73, "tid": 12990862, "type": "sell"}
{"amount": 0.01, "date": 1643839369, "price": 197230.59766999, "tid": 12990863, "type": "buy"}
{"amount": 0.00025351, "date": 1643839374, "price": 197230.59766999, "tid": 12990864, "type": "buy"}
{"amount": 0.00044612, "date": 1643839383, "price": 197230.59760999, "tid": 12990865, "type": "buy"}
{"amount": 0.01657082, "date": 1643839387, "price": 197073.87599, "tid": 12990866, "type": "buy"}
{"amount": 0.04393847, "date": 1643839387, "price": 197074.99999999, "tid": 12990867, "type": "buy"}
{"amount": 0.00016237, "date": 1643839399, "price": 197074.99985999, "tid": 12990868, "type": "buy"}
{"amount": 0.00761131, "date": 1643839414, "price": 197074.98964999, "tid": 12990869, "type": "buy"}
{"amount": 0.00010148, "date": 1643839422, "price": 197074.98964999, "tid": 12990870, "type": "buy"}
{"amount": 0.00078721, "date": 1643839426, "price": 197074.98964999, "tid": 12990871, "type": "buy"}
{"amount": 5.25e-06, "date": 1643839426, "price": 197074.98965, "tid": 12990872, "type": "buy"}
{"amount": 0.00101484, "date": 1643839430, "price": 197074.9797, "tid": 12990873, "type": "buy"}
{"amount": 0.00071835, "date": 1643839431, "price": 197074.9797, "tid": 12990874, "type": "buy"}
{"amount": 0.00058733, "date": 1643839436, "price": 197074.97966, "tid": 12990875, "type": "buy"}
{"amount": 0.00042751, "date": 1643839436, "price": 197074.9797, "tid": 12990876, "type": "buy"}
{"amount": 0.00025371, "date": 1643839439, "price": 197074.9797, "tid": 12990877, "type": "buy"}
{"amount": 0.00048254, "date": 1643839447, "price": 196797.15, "tid": 12990878, "type": "sell"}
{"amount": 5.325e-05, "date": 1643839459, "price": 196797.15, "tid": 12990879, "type": "sell"}
{"amount": 0.00050813, "date": 1643839483, "price": 196797.15001, "tid": 12990880, "type": "buy"}
{"amount": 0.05300987, "date": 1643839485, "price": 196797.15001, "tid": 12990881, "type": "buy"}
{"amount": 0.02476971, "date": 1643839485, "price": 196797.15028, "tid": 12990882, "type": "buy"}
{"amount": 5.284e-05, "date": 1643839505, "price": 196797.15001, "tid": 12990883, "type": "buy"}
{"amount": 0.0017834, "date": 1643839515, "price": 196797.15001, "tid": 12990884, "type": "buy"}
{"amount": 0.00012703, "date": 1643839518, "price": 196797.15001, "tid": 12990885, "type": "buy"}
{"amount": 0.03347878, "date": 1643839529, "price": 196797.15, "tid": 12990886, "type": "sell"}
{"amount": 0.00042175, "date": 1643839537, "price": 196797.15001, "tid": 12990887, "type": "buy"}
{"amount": 0.00047917, "date": 1643839550, "price": 196797.15001, "tid": 12990888, "type": "buy"}
{"amount": 0.02341776, "date": 1643839557, "price": 196797.15001, "tid": 12990889, "type": "buy"}
{"amount": 0.00014565, "date": 1643839561, "price": 196797.15, "tid": 12990890, "type": "sell"}
{"amount": 0.00380455, "date": 1643839566, "price": 196797.15, "tid": 12990891, "type": "sell"}
{"amount": 0.00050796, "date": 1643839599, "price": 196863, "tid": 12990892, "type": "buy"}
{"amount": 0.00508042, "date": 1643839622, "price": 196833.99, "tid": 12990893, "type": "buy"}
{"amount": 3.171e-05, "date": 1643839625, "price": 196797.15, "tid": 12990894, "type": "sell"}
{"amount": 0.01016084, "date": 1643839629, "price": 196833.99, "tid": 12990895, "type": "buy"}
{"amount": 0.00025402, "date": 1643839631, "price": 196833.99, "tid": 12990896, "type": "buy"}
{"amount": 0.01066814, "date": 1643839639, "price": 196797.15, "tid": 12990897, "type": "sell"}
{"amount": 0.00050804, "date": 1643839639, "price": 196833.99, "tid": 12990898, "type": "buy"}
{"amount": 0.00014458, "date": 1643839639, "price": 196833.99, "tid": 12990899, "type": "buy"}
{"amount": 0.00025402, "date": 1643839642, "price": 196833.99, "tid": 12990900, "type": "buy"}
{"amount": 0.00020448, "date": 1643839643, "price": 196797.15, "tid": 12990901, "type": "sell"}
{"amount": 0.00095875, "date": 1643839643, "price": 196797.15, "tid": 12990902, "type": "sell"}
{"amount": 0.00050804, "date": 1643839653, "price": 196833.99, "tid": 12990903, "type": "buy"}
{"amount": 0.00508042, "date": 1643839664, "price": 196833.99, "tid": 12990904, "type": "buy"}
{"amount": 0.00050804, "date": 1643839670, "price": 196833.99, "tid": 12990905, "type": "buy"}
{"amount": 0.01441154, "date": 1643839670, "price": 196833.99, "tid": 12990906, "type": "buy"}
{"amount": 0.5132, "date": 1643839670, "price": 196834, "tid": 12990907, "type": "buy"}
{"amount": 0.1516, "date": 1643839670, "price": 197074, "tid": 12990908, "type": "buy"}
{"amount": 0.15962248, "date": 1643839670, "price": 197232.85599, "tid": 12990909, "type": "buy"}
{"amount": 8.48e-05, "date": 1643839670, "price": 197280, "tid": 12990910, "type": "buy"}
{"amount": 0.00898249, "date": 1643839670, "price": 197291, "tid": 12990911, "type": "buy"}
{"amount": 0.00253826, "date": 1643839673, "price": 196985, "tid": 12990912, "type": "buy"}
{"amount": 0.00177557, "date": 1643839674, "price": 196797.15001, "tid": 12990913, "type": "sell"}
{"amount": 0.00101521, "date": 1643839689, "price": 197011.99, "tid": 12990914, "type": "buy"}
{"amount": 8.738e-05, "date": 1643839710, "price": 196797.15, "tid": 12990915, "type": "sell"}
{"amount": 0.00253926, "date": 1643839713, "price": 196906.99, "tid": 12990916, "type": "buy"}
{"amount": 0.00108954, "date": 1643839720, "price": 196906.99, "tid": 12990917, "type": "buy"}
{"amount": 9.451e-05, "date": 1643839721, "price": 196797.15, "tid": 12990918, "type": "sell"}
{"amount": 0.00025392, "date": 1643839724, "price": 196907, "tid": 12990919, "type": "buy"}
{"amount": 0.00253926, "date": 1643839727, "price": 196907, "tid": 12990920, "type": "buy"}
{"amount": 0.00022464, "date": 1643839759, "price": 196797.25984, "tid": 12990921, "type": "buy"}
{"amount": 0.00968036, "date": 1643839760, "price": 196797.25984, "tid": 12990922, "type": "buy"}
{"amount": 0.00048238, "date": 1643839760, "price": 196797.25984, "tid": 12990923, "type": "buy"}
{"amount": 5.081e-05, "date": 1643839765, "price": 196797.25984, "tid": 12990924, "type": "buy"}
{"amount": 0.00918758, "date": 1643839780, "price": 196797.15011, "tid": 12990925, "type": "buy"}
{"amount": 0.00093349, "date": 1643839823, "price": 196797.15001, "tid": 12990926, "type": "buy"}
{"amount": 0.00190551, "date": 1643839823, "price": 196797.15001, "tid": 12990927, "type": "buy"}
{"amount": 4.718e-05, "date": 1643839838, "price": 196797.15001, "tid": 12990928, "type": "buy"}
{"amount": 0.00671694, "date": 1643839839, "price": 196797.15001, "tid": 12990929, "type": "buy"}
{"amount": 0.0001404, "date": 1643839849, "price": 196797.15, "tid": 12990930, "type": "sell"}
{"amount": 5.36e-05, "date": 1643839852, "price": 196797.15001, "tid": 12990931, "type": "buy"}
{"amount": 0.00050813, "date": 1643839857, "price": 196797.15001, "tid": 12990932, "type": "buy"}
{"amount": 0.02160034, "date": 1643839862, "price": 196797.15, "tid": 12990933, "type": "sell"}
{"amount": 0.00206811, "date": 1643839862, "price": 196797.15, "tid": 12990934, "type": "sell"}
{"amount": 0.00032348, "date": 1643839862, "price": 196797.15, "tid": 12990935, "type": "sell"}
{"amount": 0.04491118, "date": 1643839862, "price": 196796.03, "tid": 12990936, "type": "sell"}
{"amount": 0.00919582, "date": 1643839897, "price": 196796.03111, "tid": 12990937, "type": "buy"}
{"amount": 0.00025407, "date": 1643839913, "price": 196796.03111, "tid": 12990938, "type": "buy"}
{"amount": 1.006e-05, "date": 1643839915, "price": 196796.03111, "tid": 12990939, "type": "buy"}
{"amount": 0.00025407, "date": 1643839918, "price": 196796.03111, "tid": 12990940, "type": "buy"}
{"amount": 0.0101628, "date": 1643839937, "price": 196796.03111, "tid": 12990941, "type": "buy"}
{"amount": 0.00152442, "date": 1643839950, "price": 196796.03001, "tid": 12990942, "type": "buy"}
{"amount": 0.00019055, "date": 1643839952, "price": 196796.03001, "tid": 12990943, "type": "buy"}
{"amount": 0.00025407, "date": 1643839967, "price": 196796.03001, "tid": 12990944, "type": "buy"}
{"amount": 0.02869572, "date": 1643839974, "price": 196796.03, "tid": 12990945, "type": "sell"}
{"amount": 0.00033735, "date": 1643839977, "price": 196796.03001, "tid": 12990946, "type": "buy"}
{"amount": 0.01900238, "date": 1643840002, "price": 196796.03, "tid": 12990947, "type": "sell"}
{"amount": 0.0005, "date": 1643840002, "price": 196796.03, "tid": 12990948, "type": "sell"}
{"amount": 0.00735695, "date": 1643840002, "price": 196796.03, "tid": 12990949, "type": "sell"}
{"amount": 0.0050814, "date": 1643840002, "price": 196796.03, "tid": 12990950, "type": "sell"}
{"amount": 0.00050932, "date": 1643840015, "price": 196338, "tid": 12990951, "type": "buy"}
{"amount": 0.00050932, "date": 1643840016, "price": 196338, "tid": 12990952, "type": "buy"}
{"amount": 6.544e-05, "date": 1643840021, "price": 196513.99996, "tid": 12990953, "type": "buy"}
{"amount": 0.00012721, "date": 1643840031, "price": 196513.98996, "tid": 12990954, "type": "buy"}
{"amount": 0.00101773, "date": 1643840035, "price": 196513.98996, "tid": 12990955, "type": "buy"}
{"amount": 0.00056432, "date": 1643840038, "price": 196513.98996, "tid": 12990956, "type": "buy"}
{"amount": 0.02996785, "date": 1643840038, "price": 196513.99, "tid": 12990957, "type": "buy"}
{"amount": 0.00178104, "date": 1643840042, "price": 196514, "tid": 12990958, "type": "buy"}
{"amount": 0.00254455, "date": 1643840050, "price": 196420, "tid": 12990959, "type": "buy"}
{"amount": 0.0108828, "date": 1643840054, "price": 196094.63664001, "tid": 12990960, "type": "sell"}
{"amount": 0.02749784, "date": 1643840058, "price": 196379, "tid": 12990961, "type": "buy"}
{"amount": 0.00052958, "date": 1643840058, "price": 196379, "tid": 12990962, "type": "buy"}
{"amount": 0.00561047, "date": 1643840060, "price": 196404, "tid": 12990963, "type": "buy"}
{"amount": 0.00190932, "date": 1643840061, "price": 196404, "tid": 12990964, "type": "buy"}
{"amount": 0.00050915, "date": 1643840061, "price": 196404, "tid": 12990965, "type": "buy"}
{"amount": 5.09e-05, "date": 1643840069, "price": 196430, "tid": 12990966, "type": "buy"}
{"amount": 0.00019031, "date": 1643840071, "price": 196357, "tid": 12990967, "type": "buy"}
{"amount": 0.00033499, "date": 1643840082, "price": 196094.63664001, "tid": 12990968, "type": "sell"}
{"amount": 0.00050925, "date": 1643840099, "price": 196365, "tid": 12990969, "type": "buy"}
{"amount": 0.00067045, "date": 1643840108, "price": 196328, "tid": 12990970, "type": "buy"}
{"amount": 0.00082355, "date": 1643840112, "price": 196217, "tid": 12990971, "type": "buy"}
{"amount": 0.00012393, "date": 1643840128, "price": 196094.74323361, "tid": 12990972, "type": "sell"}
{"amount": 0.00290297, "date": 1643840136, "price": 196350, "tid": 12990973, "type": "buy"}
{"amount": 0.1516, "date": 1643840140, "price": 196631, "tid": 12990974, "type": "buy"}
{"amount": 0.0257909, "date": 1643840140, "price": 196649.99, "tid": 12990975, "type": "buy"}
{"amount": 5.096e-05, "date": 1643840149, "price": 196217, "tid": 12990976, "type": "buy"}
{"amount": 0.00010197, "date": 1643840162, "price": 196217, "tid": 12990977, "type": "buy"}
{"amount": 4.707e-05, "date": 1643840164, "price": 196217, "tid": 12990978, "type": "buy"}
{"amount": 0.00095997, "date": 1643840164, "price": 196674, "tid": 12990979, "type": "buy"}
{"amount": 0.00050873, "date": 1643840173, "price": 196567, "tid": 12990980, "type": "buy"}
{"amount": 0.00025731, "date": 1643840179, "price": 196532, "tid": 12990981, "type": "buy"}
{"amount": 0.00045381, "date": 1643840192, "price": 196597.99999999, "tid": 12990982, "type": "buy"}
{"amount": 0.00254326, "date": 1643840205, "price": 196597.99, "tid": 12990983, "type": "buy"}
{"amount": 0.00010162, "date": 1643840208, "price": 196597.99, "tid": 12990984, "type": "buy"}
{"amount": 0.00050865, "date": 1643840213, "price": 196597.98999999, "tid": 12990985, "type": "buy"}
{"amount": 0.00050873, "date": 1643840216, "price": 196567.03098999, "tid": 12990986, "type": "buy"}
{"amount": 0.00025436, "date": 1643840219, "price": 196567.03098999, "tid": 12990987, "type": "buy"}
{"amount": 0.00010174, "date": 1643840219, "price": 196567.03098999, "tid": 12990988, "type": "buy"}
{"amount": 0.00044849, "date": 1643840230, "price": 196567.03098999, "tid": 12990989, "type": "buy"}
{"amount": 5.087e-05, "date": 1643840230, "price": 196567.03098999, "tid": 12990990, "type": "buy"}
{"amount": 0.00254366, "date": 1643840232, "price": 196567.03098999, "tid": 12990991, "type": "buy"}
{"amount": 0.00610483, "date": 1643840234, "price": 196567.03098999, "tid": 12990992, "type": "buy"}
{"amount": 0.00018732, "date": 1643840237, "price": 196567.03098999, "tid": 12990993, "type": "buy"}
{"amount": 0.00235634, "date": 1643840237, "price": 196567.03099, "tid": 12990994, "type": "buy"}
{"amount": 0.00101746, "date": 1643840241, "price": 196567.03099, "tid": 12990995, "type": "buy"}
{"amount": 0.00100704, "date": 1643840285, "price": 196567.03001, "tid": 12990996, "type": "buy"}
{"amount": 0.00203492, "date": 1643840294, "price": 196567.03001, "tid": 12990997, "type": "buy"}
{"amount": 0.00508732, "date": 1643840299, "price": 196567.03001, "tid": 12990998, "type": "buy"}
{"amount": 0.00024958, "date": 1643840319, "price": 196567.03001, "tid": 12990999, "type": "buy"}
{"amount": 0.00254366, "date": 1643840327, "price": 196567.03001, "tid": 12991000, "type": "buy"}
{"amount": 0.00076223, "date": 1643840329, "price": 196567.03001, "tid": 12991001, "type": "buy"}
{"amount": 0.00100704, "date": 1643840335, "price": 196567.03001, "tid": 12991002, "type": "buy"}
{"amount": 5.087e-05, "date": 1643840339, "price": 196567.03001, "tid": 12991003, "type": "buy"}
{"amount": 0.00024714, "date": 1643840339, "price": 196567.03001, "tid": 12991004, "type": "buy"}
{"amount": 0.00025436, "date": 1643840346, "price": 196567.03, "tid": 12991005, "type": "sell"}
{"amount": 7.239e-05, "date": 1643840346, "price": 196567.03, "tid": 12991006, "type": "sell"}
{"amount": 0.00183143, "date": 1643840346, "price": 196567, "tid": 12991007, "type": "sell"}
{"amount": 0.00025462, "date": 1643840368, "price": 196370.45, "tid": 12991008, "type": "buy"}
{"amount": 0.0025, "date": 1643840375, "price": 196370.45, "tid": 12991009, "type": "buy"}
{"amount": 0.00254478, "date": 1643840387, "price": 196479.99, "tid": 12991010, "type": "buy"}
{"amount": 0.00014352, "date": 1643840390, "price": 196479.99, "tid": 12991011, "type": "buy"}
{"amount": 0.00050924, "date": 1643840408, "price": 196367.99, "tid": 12991012, "type": "buy"}
{"amount": 0.00050924, "date": 1643840411, "price": 196367.99, "tid": 12991013, "type": "buy"}
{"amount": 0.00050924, "date": 1643840414, "price": 196367.99, "tid": 12991014, "type": "buy"}
{"amount": 0.00050924, "date": 1643840416, "price": 196367.99, "tid": 12991015, "type": "buy"}
{"amount": 0.0012528, "date": 1643840427, "price": 196367.99, "tid": 12991016, "type": "buy"}
{"amount": 0.0412794, "date": 1643840434, "price": 196342, "tid": 12991017, "type": "buy"}
{"amount": 1.81e-05, "date": 1643840441, "price": 196217, "tid": 12991018, "type": "sell"}
{"amount": 0.00024691, "date": 1643840441, "price": 196099.23, "tid": 12991019, "type": "sell"}
{"amount": 8e-05, "date": 1643840441, "price": 196099.23, "tid": 12991020, "type": "sell"}
{"amount": 2.593e-05, "date": 1643840441, "price": 196088.87, "tid": 12991021, "type": "sell"}
{"amount": 0.04616514, "date": 1643840441, "price": 196000.10659361, "tid": 12991022, "type": "sell"}
{"amount": 0.00101861, "date": 1643840479, "price": 196346, "tid": 12991023, "type": "buy"}
{"amount": 0.0005092, "date": 1643840482, "price": 196385, "tid": 12991024, "type": "buy"}
{"amount": 0.00050819, "date": 1643840484, "price": 196775.99997, "tid": 12991025, "type": "buy"}
{"amount": 0.05092116, "date": 1643840503, "price": 196382, "tid": 12991026, "type": "buy"}
{"amount": 7.639e-05, "date": 1643840510, "price": 196350, "tid": 12991027, "type": "buy"}
{"amount": 0.00089095, "date": 1643840522, "price": 196418, "tid": 12991028, "type": "buy"}
{"amount": 0.01527355, "date": 1643840524, "price": 196417.99, "tid": 12991029, "type": "buy"}
{"amount": 0.00050761, "date": 1643840548, "price": 196999.98996999, "tid": 12991030, "type": "buy"}
{"amount": 0.00406268, "date": 1643840551, "price": 196914, "tid": 12991031, "type": "buy"}
{"amount": 0.00079745, "date": 1643840559, "price": 196500, "tid": 12991032, "type": "buy"}
{"amount": 0.00076335, "date": 1643840566, "price": 196500, "tid": 12991033, "type": "buy"}
{"amount": 0.0002545, "date": 1643840576, "price": 196500, "tid": 12991034, "type": "buy"}
{"amount": 0.00254452, "date": 1643840578, "price": 196500, "tid": 12991035, "type": "buy"}
{"amount": 0.00904396, "date": 1643840599, "price": 196500, "tid": 12991036, "type": "buy"}
{"amount": 0.0002147, "date": 1643840618, "price": 196500, "tid": 12991037, "type": "buy"}
{"amount": 0.00508908, "date": 1643840622, "price": 196500, "tid": 12991038, "type": "buy"}
{"amount": 0.00929797, "date": 1643840628, "price": 196420.87760001, "tid": 12991039, "type": "sell"}
{"amount": 0.00050761, "date": 1643840644, "price": 196999.98999999, "tid": 12991040, "type": "buy"}
{"amount": 0.00050761, "date": 1643840656, "price": 196999.98999999, "tid": 12991041, "type": "buy"}
{"amount": 0.0001269, "date": 1643840676, "price": 196999.98999999, "tid": 12991042, "type": "buy"}
{"amount": 0.0029103, "date": 1643840689, "price": 196999.98999999, "tid": 12991043, "type": "buy"}
{"amount": 0.05076142, "date": 1643840704, "price": 196999.97999999, "tid": 12991044, "type": "buy"}
{"amount": 0.0006, "date": 1643840717, "price": 196999.96999999, "tid": 12991045, "type": "buy"}
{"amount": 0.01970457, "date": 1643840717, "price": 196999.97, "tid": 12991046, "type": "buy"}
{"amount": 0.00433, "date": 1643840723, "price": 196999.97, "tid": 12991047, "type": "buy"}
{"amount": 0.00035533, "date": 1643840727, "price": 196999.97, "tid": 12991048, "type": "buy"}
{"amount": 0.00345487, "date": 1643840729, "price": 196999.97, "tid": 12991049, "type": "buy"}
{"amount": 7.61e-06, "date": 1643840733, "price": 196999.97, "tid": 12991050, "type": "buy"}
{"amount": 0.00218538, "date": 1643840736, "price": 196999.97, "tid": 12991051, "type": "buy"}
{"amount": 1.223e-05, "date": 1643840739, "price": 196999.97, "tid": 12991052, "type": "buy"}
{"amount": 0.0002538, "date": 1643840758, "price": 196999.99, "tid": 12991053, "type": "buy"}
{"amount": 0.0002538, "date": 1643840760, "price": 196999.99, "tid": 12991054, "type": "buy"}
{"amount": 0.00406091, "date": 1643840763, "price": 196999.99, "tid": 12991055, "type": "buy"}
{"amount": 0.00253807, "date": 1643840789, "price": 197000, "tid": 12991056, "type": "buy"}
{"amount": 0.00127395, "date": 1643840792, "price": 197000, "tid": 12991057, "type": "buy"}
{"amount": 0.0002538, "date": 1643840833, "price": 197000, "tid": 12991058, "type": "buy"}
{"amount": 0.00321224, "date": 1643840836, "price": 197000, "tid": 12991059, "type": "buy"}
{"amount": 0.0002, "date": 1643840844, "price": 197000, "tid": 12991060, "type": "buy"}
{"amount": 0.00152284, "date": 1643840846, "price": 197000, "tid": 12991061, "type": "buy"}
{"amount": 0.00050954, "date": 1643840857, "price": 197000, "tid": 12991062, "type": "buy"}
{"amount": 0.00126903, "date": 1643840877, "price": 197000, "tid": 12991063, "type": "buy"}
{"amount": 0.0002538, "date": 1643840888, "price": 197000, "tid": 12991064, "type": "buy"}
{"amount": 0.00501091, "date": 1643840911, "price": 197000, "tid": 12991065, "type": "buy"}
{"amount": 0.00168274, "date": 1643840915, "price": 197000, "tid": 12991066, "type": "buy"}
{"amount": 0.00023407, "date": 1643840962, "price": 197000, "tid": 12991067, "type": "buy"}
{"amount": 0.00017062, "date": 1643840964, "price": 196999.9987, "tid": 12991068, "type": "sell"}
{"amount": 0.0008446, "date": 1643840968, "price": 196999.9987, "tid": 12991069, "type": "sell"}
{"amount": 8.543e-05, "date": 1643840968, "price": 196999.99, "tid": 12991070, "type": "sell"}
{"amount": 0.00106997, "date": 1643840968, "price": 196999.99, "tid": 12991071, "type": "sell"}
{"amount": 0.00481253, "date": 1643840970, "price": 197000, "tid": 12991072, "type": "buy"}
{"amount": 0.00106527, "date": 1643840996, "price": 197000, "tid": 12991073, "type": "buy"}
{"amount": 0.00203045, "date": 1643841005, "price": 197000, "tid": 12991074, "type": "buy"}
{"amount": 0.00050761, "date": 1643841018, "price": 197000, "tid": 12991075, "type": "buy"}
{"amount": 0.0002538, "date": 1643841021, "price": 197000, "tid": 12991076, "type": "buy"}
{"amount": 0.00176208, "date": 1643841022, "price": 197000, "tid": 12991077, "type": "buy"}
{"amount": 0.01054, "date": 1643841023, "price": 196999.99000001, "tid": 12991078, "type": "sell"}
{"amount": 0.00030456, "date": 1643841031, "price": 197000, "tid": 12991079, "type": "buy"}
{"amount": 0.00253807, "date": 1643841035, "price": 197000, "tid": 12991080, "type": "buy"}
{"amount": 0.00020752, "date": 1643841036, "price": 197000, "tid": 12991081, "type": "buy"}
{"amount": 0.001, "date": 1643841038, "price": 197000, "tid": 12991082, "type": "buy"}
{"amount": 0.00675256, "date": 1643841047, "price": 196999.99000001, "tid": 12991083, "type": "sell"}
{"amount": 0.0074315, "date": 1643841055, "price": 196999.99000001, "tid": 12991084, "type": "sell"}
{"amount": 0.00050761, "date": 1643841057, "price": 197000, "tid": 12991085, "type": "buy"}
{"amount": 0.00050761, "date": 1643841057, "price": 197000, "tid": 12991086, "type": "buy"}
